\usepackage{url}

@PHDTHESIS { spranger:11b,
ADDRESS="Brussels",
AUTHOR="Spranger, Michael",
SCHOOL="Vrije Universiteit Brussel",
TITLE="The Evolution of Grounded Spatial Language",
YEAR="2011",
}

@PHDTHESIS { bleys10,
ADDRESS="Brussels",
AUTHOR="Bleys, Joris",
SCHOOL="Vrije Universiteit Brussel",
TITLE="Language Strategies for the Domain of Colour",
YEAR="2011",
}

@book{boas13sbcg,
	Editor = {Boas, Hans C. and Sag, Ivan A.},
	Title = {{Sign-Based Construction Grammar}},
	Publisher = {CSLI Publications},
	Address = {Stanford},
	Year = {2013}}


	
@phdthesis{pauw13,
	Author = {Pauw, Simon},
	Year = {2013},
	Title = {Size Matters: Grounding Quantifiers in Spatial Perception},
	School = {University of Amsterdam},
	Address = {Amsterdam}}

@inproceedings{agre87pengi,
	Address = {Seattle, WA},
	Author = {Agre, Philip E. and Chapman, David},
	Booktitle = {Proceedings of the National Conference on Artificial Intelligence (AAAI)},
	Pages = {268--272},
	Publisher = {Morgan Kaufmann},
	Title = {Pengi: An Implementation of a Theory of Activity},
	Year = {1987}}

@article{allan01review,
	Author = {Allan, Keith},
	Journal = {Computational Linguistics},
	Month = {June},
	Number = {2},
	Pages = {309--315},
	Title = {Review of "{T}oward a cognitive semantics: volume I: concept structuring systems, volume II: typology and process in concept structuring" by {Leonard Talmy}},
	Year = {2001}}

@article{allen83maintaining,
	Author = {Allen, James F.},
	Journal = {Communications of ACM},
	Number = {11},
	Pages = {832--843},
	Title = {Maintaining Knowledge about Temporal Intervals},
	Volume = {26},
	Year = {1983}}

@article{allen84general,
	Author = {Allen, J.F.},
	Journal = {Artificial Intelligence},
	Month = {July},
	Number = {2},
	Pages = {123--154},
	Title = {A General Model of Action and Time},
	Volume = {23},
	Year = {1984}}

@article{allen94actions,
	Author = {Allen, James F. and Ferguson, George},
	Journal = {Journal of Logic and Computation},
	Number = {5},
	Pages = {531--579},
	Title = {Actions and Events in Interval Temporal Logic},
	Volume = {4},
	Year = {1994}}

@article{aloimonos88active,
	Author = {Aloimonos, J. and Weiss, I. and Bandyopadhyay, A.},
	Journal = {International Journal of Computer Vision},
	Month = {January},
	Number = {4},
	Pages = {333--356},
	Title = {Active Vision},
	Volume = {1},
	Year = {1988}}

@article{andersen73abductive,
	Author = {Andersen, H.},
	Journal = {Language},
	Pages = {765--793},
	Title = {Abductive and Deductive Change},
	Volume = {49},
	Year = {1973}}

@book{anderson71grammar,
	Address = {Cambridge},
	Author = {Anderson, J.},
	Publisher = {Cambridge University Press},
	Title = {The Grammar of Case. Towards a Localist Theory},
	Year = {1971}}

@book{andronov96malayalam,
	Address = {Wiesbaden},
	Author = {Andronov, Michail S.},
	Publisher = {Harrasowitz Verlag},
	Series = {Beitrage zur Kenntnis s{\"u}dasiatischer Sprachen und Literaturen},
	Title = {A Grammar of the Malayalam Language in Historical Treatment},
	Year = {1996}}

@book{ans97,
	Address = {Groningen/Deurne},
	Edition = {Second, Revised},
	Editor = {Haeseryn, W. and Romijn, K. and Geerts, G. and de Rooij, J. and van den Toorn, M.C.},
	Publisher = {Martinus Nijhoff / Wolters Plantyn},
	Title = {Algemene Nederlandse Spraakkunst},
	Year = {1997}}

@incollection{Arbib:2002,
	Author = {Arbib, M.A.},
	Year = {2002},
	Title = {Grounding the Mirror System Hypothesis for the Evolution of the Language-Ready Brain},
	Editor = {Cangelosi, Angelo and Parisi, Domenico},
	Booktitle = {Simulating the Evolution of Language},
	Address = {London},
	Publisher = {Springer Verlag},
	Pages = {229--254}}
	
@book{arkin98behavior-based,
	Author = {Arkin, Ronald. C.},
	Publisher = {MIT Press},
	Title = {Behavior-Based Robotics},
	Year = {1998}}

@article{asada99robocup,
	Author = {Asada, Minoru and Kitano, Hiroaki and Noda, Itsuki and Veloso, Manuela},
	Journal = {Artificial Intelligence},
	Pages = {193--214},
	Title = {{R}obo{C}up: Today and tomorrow - What we have learned},
	Volume = {110},
	Year = {1999}}

@book{bach68universals,
	Address = {New York},
	Editor = {Bach, E. and Harms, R.},
	Publisher = {Holt, Rhinehart and Winston},
	Title = {Universals in Linguistic Theory},
	Year = {1968}}

@inproceedings{baillie00action,
	Address = {Berlin, Germany},
	Author = {Baillie, Jean-Christophe and Ganascia, Jean-Gabriel},
	Booktitle = {Proceedings of the 14th European Conference on Artificial Intelligence (ECAI)},
	Editor = {Horn, Werner},
	Month = {August},
	Pages = {643-647},
	Publisher = {IOS Press},
	Title = {Action Categorization from Video Sequences},
	Year = {2000}}

@inproceedings{baillie01deixis,
	Author = {Baillie, Jean and Nehaniv, Chrystopher},
	Booktitle = {Proceedings of the First International Workshop on Epigenetic Robotics: Modeling Cognitive Development in Robotic Systems},
	Editor = {Balkenius et al, Christian},
	Series = {Lund University Cognitive Studies},
	Title = {Deixis and the Development of Naming in Asynchronously Interacting Connectionist Agents},
	Volume = {85},
	Year = {2001}}

@inproceedings{baillie02certainty,
	Author = {Baillie, Jean-Christophe},
	Booktitle = {International Conference on Image Processing},
	Pages = {765--768},
	Title = {Certainty Color Maps Compared to Histograms},
	Year = {2002}}

@phdthesis{baillie02phdthesis,
	Author = {Baillie, Jean-Christophe},
	School = {Universite de Paris},
	Title = {Apprentissage et Reconnaissance d'Actions dans des Sequences Video},
	Year = {2002}}

@inproceedings{baillie04grounding,
	Address = {Genoa, Italy},
	Author = {Baillie, Jean-Christophe},
	Booktitle = {Proceedings of the 4th International Workshop on Epigenetic Robotics: Modeling Cognitive Development in Robotic System},
	Editor = {Prince, Christopher G. and Berthouze et al, Luc and Kozima, Hideki and Bullock, Daniel and Stojanov, Georgi and Balkenius, Christian},
	Month = {August},
	Pages = {107--110},
	Series = {Lund University Cognitive Studies},
	Title = {Grounding Symbols in Perception with two Interacting Autonomous Robots},
	Volume = {117},
	Year = {2004}}

@book{baker88incorporation,
	Address = {Cambridge, MA},
	Author = {Baker, M.C.},
	Publisher = {MIT Press},
	Title = {Incorporation: A Theory of Grammatical Function Changing},
	Year = {1988}}

@article{baldwin96evolution,
	Author = {Baldwin, James Mark},
	Journal = {American Naturalist},
	Title = {A New Factor in Evolution},
	Volume = {30},
	Pages = {441--451},
	Year = {1896}}

@book{barbiers04dialect,
	Address = {Gent},
	Editor = {Barbiers, S. and Devos, M. and De Schutter, G.},
	Publisher = {Koninklijke Academie voor Taal- en Letterkunde},
	Title = {Dialectsyntaxis in Bloei},
	Year = {2004}}

@incollection{barddal09case,
	Address = {Amsterdam},
	Author = {Bar{\dh}dal, Johanna},
	Booktitle = {The Role of Semantic, Pragmatic and Discourse Factors in the Development of Case},
	Editor = {Bar{\dh}dal, Johanna and Chelliah, Shobhana},
	Pages = {123--159},
	Publisher = {John Benjamins},
	Title = {The Development of Case in {G}ermanic},
	Year = {2009}}

@book{barlow00usage,
	Address = {Chicago},
	Editor = {Barlow, Michael and Kemmer, Suzanne},
	Publisher = {Chicago University Press},
	Title = {Usage-Based Models of Language},
	Year = {2000}}

@article{baronchelli06sharp,
	Author = {Baronchelli, Andrea and Felici, Maddalena and Loreto, Vittorio and Caglioti, Emanuele and Steels, Luc},
	Journal = {Journal of Statistical Mechanics},
	Title = {Sharp Transition Towards Shared Vocabularies in Multi-Agent Systems},
	Volume = {P06014},
	Year = {2006}}

@incollection{batali02negotiation,
	Address = {Cambridge},
	Author = {Batali, John},
	Booktitle = {Linguistic Evolution through Language Acquisition: Formal and Computational Models},
	Editor = {Briscoe, T.},
	Publisher = {Cambridge University Press},
	Title = {The Negotiation and Acquisition of Recursive Grammars as a Result of Competition Among Exemplars},
	Year = {2002}}

@incollection{batali98computational,
	Address = {Edinburgh},
	Author = {Batali, John},
	Booktitle = {Approaches to the Evolution of Language: Social and Cognitive Bases},
	Editor = {Hurford, James R. and Studdert-Kennedy, Michael and Knight, Chris},
	Pages = {405--426},
	Publisher = {Edinburgh University Press},
	Title = {Computational Simulations of the Emergence of Grammar},
	Year = {1998}}

@book{beate06perception,
	Address = {Berlin},
	Editor = {Hampe, Beate},
	Publisher = {Mouton De Gruyter},
	Series = {Cognitive Linguistics Research},
	Title = {From Perception to Meaning: Image Schemas in Cognitive Linguistics},
	Year = {2006}}

@book{beilin92piagets,
	Address = {Hillsdale, NJ.},
	Editor = {Beilin, Harry and Pufall, Peter B.},
	Publisher = {Erlbaum},
	Title = {Piaget's Theory: Prospects and Possibilities},
	Year = {1992}}

@phdthesis{belpaeme02factors,
	Author = {Belpaeme, Tony},
	Title = {Factors Influencing the Origins of Colour Categories},
	Addres = {Brussels},
	School = {Vrije Universiteit Brussel},
	Year = {2002}}

@inproceedings{belpaeme05colourful,
	Address = {Hatfield, UK},
	Author = {Belpaeme, Tony and Bleys, Joris},
	Booktitle = {AISB'05: Proceedings of Second International Symposium on the Emergence and Evolution of Linguistic Communication (EELC'05)},
	Editor = {Lyon, Caroline and Cangelosi, Angelo and Nehaniv, Chrystopher L.},
	Month = {April},
	Title = {Colourful Language and Colour Categories},
	Year = {2005}}

@inproceedings{belpaeme98construction,
	Author = {Belpaeme, Tony and Steels, Luc and Van Looveren, Joris},
	Booktitle = {EWLR-6: Proceedings of the 6th European Workshop on Learning Robots},
	Pages = {1--12},
	Publisher = {Springer Verlag},
	Series = {Lecture Notes In Computer Science},
	Title = {The Construction and Acquisition of Visual Categories},
	Volume = {1545},
	Year = {1998}}

@book{bennis89generatieve,
	Address = {Dordrecht},
	Author = {Bennis, Hans and Hoekstra, Teun},
	Publisher = {Foris Publications},
	Title = {Generatieve Grammatica},
	Year = {1989}}

@incollection{bender00non-categorical,
  author = {Bender, Emily},
  title = {Non-Categorical Constraints in Perception},
  booktitle = {Penn Working Papers in Linguistics \textnormal{7(1)}},
  editor = {Fox, Michelle Minnick and Williams, Alexander and Kaiser, Elsi},
  year = {2000},
  pages = {15--26}
}

@phdthesis{bender01thesis,
  author = {Bender, Emily M.},
  title = {Syntactic Variation and Linguistic Competence: The Case of {AAVE}
           Copula Absence},
  school = {Stanford University},
  year = {2001},
}

@incollection{bergen05embodied,
	Address = {Amsterdam},
	Author = {Bergen, Benjamin K. and Chang, Nancy},
	Booktitle = {Construction Grammars: Cognitive Grounding and Theoretical Extensions},
	Editor = {{\"O}stman, Jan-Ola and Fried, Mirjam},
	Publisher = {John Benjamins},
	Title = {Embodied {C}onstruction {G}rammar},
	Year = {2005}}

@proceedings{berkeley97,
	Address = {Dwinelle Hall, Berkeley CA},
	Publisher = {University of California, Berkeley},
	Title = {Berkeley Linguistics Society},
	Volume = {23},
	Year = {1997}}

@incollection{bickel05exponence,
	Address = {Oxford},
	Author = {Bickel, Balthasar and Nichols, Johanna},
	Booktitle = {The World Atlas of Language Structures},
	Editor = {Haspelmath, Martin and Dryer, Matthew S. and Gil, David and Comrie, Bernard},
	Pages = {90--93},
	Publisher = {Oxford University Press},
	Title = {Exponence of Selected Inflectional Formatives},
	Year = {2005}}

@article{bickerton84language,
	Author = {Bickerton, Derek},
	Journal = {Behavioral and Brain Sciences},
	Number = {2},
	Pages = {173--222},
	Title = {The Language Bioprogram Hypothesis},
	Volume = {7},
	Year = {1984}}

@book{blake94case,
	Address = {Cambridge},
	Author = {Blake, Barry J.},
	Publisher = {Cambridge University Press},
	Series = {Cambridge Textbook in Linguistics},
	Title = {Case},
	Year = {1994}}

@inproceedings{bleys08recursive,
	Author = {Bleys, Joris},
	Title = {The Origins of Recursive Rules: A Usage-Based Account},
	Booktitle = {The Evolution of Language. Proceedings of the 7th International Conference (EVOLANG 7)},
	Editor = {Smith, Andrew D.M. and Smith, Kenny and Ferrer i Cancho, Ramon},
	Address = {Singapore},
	Publisher = {World Scientific Press},
	Pages = {34--41},
	Year = {2008}}

@inproceedings{bleys09linguistic,
	Author = {Bleys, Joris and Steels, Luc},
	Title = {Linguistic Selection of Language Strategies. A Case Study for Colour},
	Booktitle = {Proceedings of the 10th European Conference on Artificial Life},
	Year = {2009},
	Series = {LNCS},
	Publisher = {Springer},
	Address = {Berlin}}

@book{bloomfield70language,
	Address = {London},
	Author = {Bloomfield, Leonard},
	Publisher = {Allen and Unwin},
	Note = {Originally published in 1933},
	Title = {Language},
	Year = {1970}}

@book{boas-sbcg,
	Editor = {Boas, Hans C. and Sag, Ivan A.},
	Title = {{Sign-based Construction Grammar}}, 
	Address = {Stanford}, 
	Publisher = {CSLI Publications},
	Year = {2012}}

@book{boas03constructional,
	Author = {Boas, Hans C.},
	Title = {A Constructional Approach to Resultatives},
	Series = {Stanford Monograph in Linguistics},
	Address = {Stanford},
	Publisher = {CSLI},
	Year = {2003}}

@inproceedings{boas03lexical,
	Author = {Boas, Hans C.},
	Title = {A Lexical-Constructional Account of the Locative Alternation},
	Booktitle = {Proceedings of the 2001 Western Conference in Linguistics},
	Volume = {13},
	Pages = {27--42},
	Year = {2003},
	Editor = {Carmichael, L. and Huang, C.-H. and Samiian, V.}}

@article{boas05determining,
	Author = {Boas, Hans C.},
	Year = {2005},
	Title = {Determining the Productivity of Resultative Constructions: A Reply to {G}oldberg \& {J}ackendoff},
	Journal = {Language},
	Volume = {81},
	Number = {2},
	Pages = {448--464}}
	
@article{boas08determining,
	Author = {Boas, Hans C.},
	Year = {2008},
	Title = {Determining the Structure of Lexical Entries and Grammatical Constructions in Construction Grammar},
	Journal = {Annual Review of Cognitive Linguistics},
	Volume = {6},
	Pages = {113--144}}
	
@incollection{boas08resolving,
	Author = {Boas, Hans C.},
	Year = {2008},
	Title = {Resolving Form-Meaning Discrepancies in Construction Grammar},
	Editor = {Leino, J.},
	Booktitle = {Constructional Reorganization},
	Publisher = {John Benjamins},
	Address = {Amsterdam},
	Pages = {11--36}}

@article{bock00persistence,
	Author = {Bock, Kathryn and Griffin, Zenzi M.},
	Title = {The Persistence of Structural Priming: Transient Activation or Implicit Learning?},
	Journal = {Journal of Experimental Psychology},
	Year = {2000},
	Volume = {129},
	Number = {2},
	Pages = {177--192}}

@article{boroditsky00metaphoric,
	Author = {Boroditsky, Lera},
	Journal = {Cognition},
	Number = {1},
	Pages = {1--28},
	Title = {Metaphoric Structuring: Understanding Time through Spatial Metaphors},
	Volume = {75},
	Year = {2000}}

@book{breazeal02designing,
	Author = {Breazeal, Cynthia},
	Publisher = {MIT Press},
	Title = {Designing Sociable Robots},
	Year = {2002}}

@book{bresnan82mental,
	Address = {Cambridge, MA},
	Author = {Bresnan, Joan},
	Publisher = {MIT Press},
	Title = {The Mental Representation of Grammatical Relations},
	Year = {1982}}

@book{bresnan01lfg,
	Author = {Bresnan, Joan},
	Title = {Lexical-Functional Syntax},
	Publisher = {Blackwell Publishing},
	Year = {2001},
	Address = {Oxford}}

@incollection{brighton05cultural,
	Address = {Oxford},
	Author = {Brighton, Henry and Kirby, Simon and Smith, Kenny},
	Booktitle = {Language Origins: Perspectives on Evolution},
	Editor = {Tallerman, Maggie},
	Pages = {Chapter 13},
	Publisher = {Oxford University Press},
	Title = {Cultural Selection for Learnability: Three Principles Underlying the View that Language Adapts to be Learnable},
	Year = {2005}}

@article{brighton05language,
	Author = {Brighton, Henry and Kirby, Simon and Smith, Kenny},
	Journal = {Physics of Life Reviews},
	Pages = {177--226},
	Title = {Language as an Evolutionary System},
	Volume = {2},
	Year = {2005}}

@article{briscoe00grammatical,
	Author = {Briscoe, E.J.},
	Journal = {Language},
	Number = {2},
	Pages = {245--296},
	Title = {Grammatical Acquisition: Inductive Bias and Coevolution of Language and the Language Acquisition Device},
	Volume = {76},
	Year = {2000}}

@book{briscoe02linguistic,
	Address = {Cambridge},
	Editor = {Briscoe, T.},
	Publisher = {Cambridge University Press},
	Title = {Linguistic Evolution through Language Acquisition: Formal and Computational Models},
	Year = {2002}}

@incollection{Briscoe:2003,
	Author = {Briscoe, T.},
	Title = {Grammatical Assimilation},
	Booktitle = {Language Evolution: The States of the Art},
	Publisher = {Oxford University Press},
	Address = {Oxford},
	Year = {2003},
	Editor = {Christiansen, M.H. and Kirby, S.}}

@article{brooks86robust,
	Author = {Brooks, Rodney A.},
	Journal = {IEEE Journal of Robotics and Automation},
	Month = {March},
	Number = {1},
	Pages = {14--23},
	Title = {A Robust Layered Control System for a Mobile Robot},
	Volume = {2},
	Year = {1986}}

@article{brooks90elephants,
	Author = {Brooks, Rodney A.},
	Journal = {Robotics and Autonomous Systems},
	Month = {June},
	Pages = {3--15},
	Title = {Elephants Don't Play Chess},
	Volume = {1990},
	Year = {1990}}

@inproceedings{brooks91reason,
	Address = {San Mateo, CA},
	Author = {Brooks, Rodney A.},
	Booktitle = {Proceedings of the 1991 International Joint Conference on Artificial Intelligence},
	Pages = {569--595},
	Publisher = {Morgan Kaufmann},
	Title = {Intelligence without Reason},
	Year = {1991}}

@article{brooks91representation,
	Author = {Brooks, Rodney A.},
	Journal = {Artificial Intelligence},
	Pages = {139--159},
	Title = {Intelligence without Representation},
	Volume = {47},
	Year = {1991}}

@book{bruce84alamblak,
	Address = {Canberra},
	Author = {Bruce, Leslie P.},
	Publisher = {Australian National University},
	Series = {Pacific Linguistics Series C 81},
	Title = {The Alamblak Language of Papua New guinea (East Sepik)},
	Year = {1984}}

@inproceedings{brunn02germanteam,
	Address = {Seattle, WA},
	Author = {Brunn, Ronnie and D{\"u}ffert, Uwe and J{\"u}ngel, Matthias and Laue, Tim and L{\"o}tzsch, Martin and Petters, Sebastian and Risler, Max and R{\"o}fer, Thomas and Spiess, Kai and Sztybryc, Andreas},
	Booktitle = {RoboCup 2001 Robot Soccer World Cup V},
	Editor = {Birk, Andreas and Coradeschi, Silvia and Tadokoro, Satoshi},
	Note = {more detailed in GermanTeam RoboCup 2001. Technical Report (41 pages, http://www.tzi.de/kogrob/papers/GermanTeam2001report.pdf)},
	Pages = {705--708},
	Publisher = {Springer},
	Series = {Lecture Notes in Artificial Intelligence},
	Title = {GermanTeam 2001},
	Volume = {2377},
	Year = {2002}}

@book{butt06theories,
	Address = {Cambridge},
	Author = {Butt, Miriam},
	Publisher = {Cambridge University Press},
	Series = {Cambridge Textbooks in Linguistics},
	Title = {Theories of Case},
	Year = {2006}}

@book{bybee97essays,
	Address = {Amsterdam},
	Editor = {Bybee, Joan and Haiman, John and Thompson, Sandra},
	Publisher = {John Benjamins},
	Title = {Essays on Language Function and Language Type: Dedicated to T. Givon},
	Year = {1997}}

@inproceedings{bybee00three,
	Address = {Dwinelle Hall, Berkeley CA},
	Author = {Bybee, Joan and Thompson, Sandra},
	Booktitle = {Berkeley Linguistics Society},
	Pages = {65--85},
	Publisher = {University of California, Berkeley},
	Title = {Three Frequency Effects in Syntax},
	Volume = {23},
	Year = {2000}}

@article{bybee98functionalist,
	Author = {Bybee, Joan},
	Journal = {Evolution of Communication},
	Pages = {249--278},
	Title = {A Functionalist Approach to Grammar},
	Volume = {2},
	Year = {1998}}

@inproceedings{cablitz02marquesan,
	Address = {Stanford},
	Author = {Cablitz, Gabriele H.},
	Booktitle = {Space in Language. Location, Motion, Path, and Manner.},
	Editor = {Clark, Eve V.},
	Pages = {40--49},
	Publisher = {CSLI Publications},
	Series = {Proceedings of the 31st Stanford Child Language Research Forum},
	Title = {The Acquisition of an Absolutive System: Learning to Talk About SPACE in Marquesan (Oceanic, French Polynesia)},
	Year = {2002}}

@book{Camazine:2001,
	Author = {Camazine S. and Deneubourg J.L. and Franks N. and Sneyd J. and Bonabeau E. and G. Theraulaz},
	Year = {2001},
	Title =  {Self-Organization in Biological Systems},
	Address = {Princeton},
	Publisher = {Princeton University Press}}

@incollection{cangelosi02computer,
	Address = {London},
	Author = {Cangelosi, Angelo and Parisi, Domenico},
	Booktitle = {Simulating the Evolution of Language},
	Editor = {Cangelosi, Angelo and Parisi, Domenico},
	Pages = {3--28},
	Publisher = {Springer Verlag},
	Title = {Computer Simulation: A New Scientific Approach to the Study of Language Evolution},
	Year = {2002}}

@book{cangelosi02simulating,
	Address = {London},
	Editor = {Cangelosi, Angelo and Parisi, Domenico},
	Publisher = {Springer Verlag},
	Title = {Simulating the Evolution of Language},
	Year = {2002}}

@proceedings{cangelosi06evolution,
	Address = {Singapore},
	Editor = {Cangelosi, A. and Smith, A. and Smith, K.},
	Publisher = {World Scientific},
	Title = {The Evolution of Language},
	Year = {2006}}

@article{cangelosi98emergence,
	Author = {Cangelosi, Angelo and Parisi, Domenico},
	Journal = {Connection Science},
	Month = {June},
	Number = {2},
	Pages = {83--97},
	Title = {The Emergence of a `Language' in an Evolving Population of Neural Networks},
	Volume = {10},
	Year = {1998}}

@book{canonici95zulu,
	Address = {Natal},
	Author = {Canonici, Noverino N.},
	Publisher = {university of Natal - Durban},
	Title = {Zulu Grammatical Structure.},
	Year = {1995}}

@book{chafe80pear,
	Editor = {Chafe, Wallace},
	Title = {The Pear Stories},
	Address = {New York},
	Publisher = {Ablex},
	Year = {1980}}

@book{chafe94discourse,
	Address = {Chicaco},
	Author = {Chafe, Wallace},
	Publisher = {University of Chicaco Press},
	Title = {Discourse, Consciousness, and Time},
	Year = {1994}}

@incollection{chalmers92subsymbolic,
	Author = {Chalmers, David J.},
	Booktitle = {The Symbolic and Connectionist Paradigms: Closing the Gap},
	Editor = {Dinsmore, John},
	Pages = {25--48.},
	Publisher = {Lawrence Erlbaum Associates},
	Title = {Subsymbolic Computation and the Chinese Room},
	Year = {1992}}

@inproceedings{carter90efficient,
	Author = {Carter, David},
	Title = {Efficient Disjunctive Unification for Bottom-Up Parsing},
	Booktitle = {Proceedings of the 13th Conference on Computational Linguistics},
	Pages = {70--75},
	Year = {1990},
	Publisher = {{ACL}}}

@article{chella00understanding,
	Author = {Chella, Antonio and Frixione, Marcello and Gaglio, Salvatore},
	Journal = {Artificial Intelligence},
	Number = {1--2},
	Pages = {89--123},
	Title = {Understanding Dynamic Scenes},
	Volume = {123},
	Year = {2000}}

@article{chella01conceptual,
	Author = {Chella, Antonio and Frixione, Marcello and Gaglio, Salvatore},
	Journal = {Artificial Intelligence Review},
	Number = {2},
	Pages = {137--152},
	Title = {Conceptual Spaces for Computer Vision Representations},
	Volume = {16},
	Year = {2001}}

@article{chella03anchoring,
	Author = {Chella, Antonio and Frixione, Marcello and Gaglio, Salvatore},
	Journal = {Robotics and Autonomous Systems},
	Number = {2-3},
	Pages = {175--188},
	Title = {Anchoring Symbols to Conceptual Spaces: the Case of Dynamic Scenarios.},
	Volume = {43},
	Year = {2003}}

@article{chella03conceptual,
	Author = {Chella, Antonio and Frixione, Marcello and Gaglio, Salvatore},
	Journal = {Robotics and Autonomous Systems},
	Number = {2-3},
	Pages = {193--195},
	Title = {Conceptual Spaces for Anchoring},
	Volume = {43},
	Year = {2003}}

@article{chella99cognitive,
	Author = {Chella, Antonio and Frixione, Marcello and Gaglio, Salvatore},
	Journal = {Artificial Intelligence},
	Number = {1--2},
	Pages = {73--111},
	Title = {A Cognitive Architecture for Artificial Vision},
	Volume = {89},
	Year = {1997}}

@article{chomsky05three,
	Author = {Chomsky, Noam},
	Journal = {Linguistic Inquiry},
	Number = {1},
	Pages = {1--22},
	Title = {Three Factors in Language Design},
	Volume = {36},
	Year = {2005}}

@book{chomsky57syntactic,
	Address = {The Hague},
	Author = {Chomsky, Noam},
	Publisher = {Mouton},
	Title = {Syntactic Structures},
	Year = {1957}}

@article{chomsky59review,
	Author = {Chomsky, Noam},
	Title = {A Review of {B.F.} {S}kinner's {V}erbal {B}ehavior},
	Pages = {26--58},
	Journal = {Language},
	Volume = {35},
	Number = {1},
	Year = {1959}}

@book{chomsky65aspects,
	Address = {Cambridge, MA},
	Author = {Chomsky, Noam},
	Publisher = {MIT Press},
	Title = {Aspects of the Theory of Syntax},
	Year = {1965}}

@book{chomsky80rules,
	Address = {Oxford},
	Author = {Chomsky, Noam},
	Publisher = {Basil Blackwell},
	Title = {Rules and Representations},
	Year = {1980}}

@book{chomsky81lectures,
	Address = {Dordrecht},
	Author = {Chomsky, Noam},
	Publisher = {Floris},
	Title = {Lectures on Government and Binding},
	Year = {1981}}

@book{chomsky86knowledge,
	Address = {New York},
	Author = {Chomsky, Noam},
	Publisher = {Praeger},
	Title = {Knowledge of Language: Its Nature, Origins, and Use},
	Year = {1986}}

@incollection{chomsky93pp,
	Address = {Berlin},
	Author = {Chomsky, Noam and Lasnik, Howard},
	Booktitle = {Syntax: An International Handbook of Contemporary Research},
	Editor = {Jacobs, J. and von Stechow, A. and Sternefelt, W. and Vennemann, T.},
	Pages = {506--569},
	Volume = {1},
	Publisher = {Mouton de Gruyter},
	Title = {Principles and Parameters Theory},
	Year = {1993}}

@book{chomsky95minimalist,
	Address = {Cambridge, MA},
	Author = {Chomsky, Noam},
	Publisher = {MIT Press},
	Title = {The Minimalist Program},
	Year = {1995}}

@article{christiansen08language,
	Author = {Christiansen, Morten H. and Chater, Nick},
	Title = {Language as Shaped by the Brain},
	Journal = {Behavioral and Brain Sciences},
	Volume = {31},
	Pages = {489--558},
	Year = {2008}}

@book{churchward53tongan,
	Address = {London},
	Author = {Churchward, C. Maxwell},
	Publisher = {Oxford University Press},
	Title = {Tongan Grammar},
	Year = {1953}}

@proceedings{clark02space,
	Address = {Stanford},
	Editor = {Clark, Eve V.},
	Publisher = {CSLI Publications},
	Series = {Proceedings of the 31st Stanford Child Language Research Forum},
	Title = {Space in Language. Location, Motion, Path, and Manner.},
	Year = {2002}}

@incollection{clark73space,
	Address = {New York},
	Author = {Clark, Herbert},
	Booktitle = {Cognitive Development and the Acquisition of Language},
	Editor = {Moore, T.E.},
	Pages = {28--64},
	Publisher = {Academic Press},
	Title = {Space, Time, Semantics and the Child},
	Year = {1973}}

@incollection{clark91grounding,
	Author = {Clark, Herbert. H. and Brennan, Susan E.},
	Booktitle = {Perspectives on Socially Shared Cognition},
	Editor = {Resnick, Lauren B. and Levine, John M. and Teasley, Stephanie D.},
	Pages = {127--149},
	Publisher = {APA Books},
	Title = {Grounding in Communication},
	Year = {1991}}

@book{cole75syntax,
	Address = {New York},
	Editor = {Cole, P. and Morgan, J.L.},
	Publisher = {Academic},
	Title = {Syntax and Semantics: Speech Acts. Volume 3},
	Year = {1975}}

@book{cole77grammatical,
	Address = {New York},
	Editor = {Cole, Peter and Sadock, Jerrold M.},
	Publisher = {Academic},
	Series = {Syntax and Semantics},
	Title = {Grammatical Relations},
	Volume = {8},
	Year = {1977}}

@incollection{colmerauer78,
	Author = {Colmerauer, A.},
	Title = {Metamorphosis Grammar},
	Booktitle = {Natural Language Communication with Computers},
	Publisher = {Springer Verlag},
	Year = {1978},
	Editor = {Bolc, L.},
	Note = {Originally published in 1975 as {\em Les grammaires de metamorphose}, Groupe d'Intelligence Artificielle, Universit\'{e} de Marseille-Luminy}}

@incollection{comrie05wals,
	Author = {Comrie, Bernard},
	Title = {Alignment of Case Marking},
	Address = {Oxford},
	Editor = {Haspelmath, Martin and Dryer, Matthew S. and Gil, David and Comrie, Bernard},
	Publisher = {Oxford University Press},
	Booktitle = {The World Atlas of Language Structures},
	Chapter = {98--99},
	Year = {2005}}

@book{copestake02implementing,
	Author = {Copestake, Ann},
	Title = {Implementing Typed Feature Structure Grammars},
	Publisher = {{CSLI} Publications},
	Year = {2002},
	Address = {Stanford}}

@inproceedings{coradeschi01fuzzy,
	Address = {Melbourne, Australia},
	Author = {Coradeschi, Silvia and Driankov, Dimiter and Karlsson, Lars and Saffiotti, Alessandro},
	Booktitle = {Proceedings of the 10th IEEE International Conference on Fuzzy Systems},
	Pages = {111--114},
	Title = {Fuzzy Anchoring},
	Year = {2001}}

@article{coradeschi03anchoring,
	Author = {Coradeschi, Silvia and Saffiotti, Alessandro},
	Journal = {Robotics and Autonomous Systems},
	Number = {2-3},
	Pages = {85--96},
	Title = {An Introduction to the Anchoring Problem},
	Volume = {43},
	Year = {2003}}

@book{corblin99empirical,
	Address = {The Hague},
	Editor = {Corblin, F. and Dobrovie-Slobin, C. and Marandin, J.-M.},
	Publisher = {Thesus},
	Title = {Empirical Issues in Formal Syntax and Semantics 2},
	Year = {1999}}

@book{coventry07spatial-language,
	Editor = {Coventry, Kenny R. and Tenbrink, Thora and Bateman, John. A},
	Publisher = {Oxford University Press},
	Title = {Spatial Language and Dialogue},
	Year = {2007}}

@article{cover67nearest-neighbor,
	Author = {Cover, Thomas M. and Hart, Peter E.},
	Journal = {Information Theory, IEEE Transactions on},
	Number = {2},
	Pages = {21--27},
	Title = {Nearest Neighbor Pattern Classification},
	Volume = {13},
	Year = {1967}}

@inproceedings{crysmann05syncretism,
	Author = {Crysmann, Berthold},
	Title = {Syncretism in German: A Unified Approach to Underspecification, Indeterminacy, and Likeness of Case},
	Editor = {M\"{u}ller, Stefan},
	Booktitle = {Proceedings of the 12th International Conference on Head-Driven Phrase Structure Grammar},
	Publisher = {CSLI Publications},
	Address = {Stanford},
	Year = {2005},
	Pages = {91--107}}

@book{croft00aspect,
	Author = {Croft, William},
	Title = {Verbs: Aspect and Argument Structure},
	Address = {Oxford},
	Publisher = {Oxford University Press},
	Note = {Manuscript consulted on 16 October 2006},
	Year = {in prep.}}

@book{croft00explaining,
	Address = {Harlow Essex},
	Author = {Croft, William},
	Publisher = {Longman},
	Title = {Explaining Language Change: An Evolutionary Approach},
	Year = {2000}}

@book{croft01radical,
	Address = {Oxford},
	Author = {Croft, William},
	Publisher = {Oxford UP},
	Title = {Radical Construction Grammar: Syntactic Theory in Typological Perspective},
	Year = {2001}}

@incollection{croft03lexical,
	Author = {Croft, William},
	Year = {2003},
	Address = {Amsterdam},
	Booktitle = {Motivation in Language Studies: Studies in Honour of G\"{u}nter Radden},
	Editor = {Cuyckens, Hubert and Berg, Thomas and Dirven, Ren\'{e} and Panther, Klaus-Uwe},
	Pages = {49--68},
	Publisher = {John Benjamins},
	Title = {Lexical Rules vs. Constructions: A False Dichotomy}}

@article{croft04commentary,
	Author = {Croft, William},
	Year = {2004},
	Title = {Form, Meaning and Speakers in the Evolution of Language. Commentary on {K}irby, {S}mith and {B}righton},
	Journal = {Studies in Language},
	Volume = {28},
	Number = {3},
	Pages = {608--611}}

@book{croft91syntactic,
	Address = {Chicago},
	Author = {Croft, William},
	Publisher = {Chicago UP},
	Title = {Syntactic Categories and Grammatical Relations. The Cognitive Organization of Information},
	Year = {1991}}

@incollection{croft98event,
	Address = {Stanford},
	Author = {Croft, William},
	Booktitle = {The Projection of Arguments: Lexical and Compositional Factors},
	Editor = {Butt, Miriam and Geuder, Wilhelm},
	Pages = {21--63},
	Publisher = {CSLI Publications},
	Title = {Event Structure in Argument Linking},
	Year = {1998}}

@book{croft04cognitive,
	Address = {Cambridge},
	Author = {Croft, William and Cruse, D. Alan},
	Publisher = {Cambridge University Press},
	Series = {Cambridge Textbooks in Linguistics},
	Title = {Cognitive Linguistics},
	Year = {2004}}

@incollection{croft05logical,
	Address = {Amsterdam},
	Author = {Croft, William},
	Booktitle = {Construction Grammars: Cognitive Grounding and Theoretical Extensions},
	Editor = {{\"O}stman, Jan-Ola and Fried, Mirjam},
	Pages = {273--314},
	Publisher = {John Benjamins},
	Title = {Logical and Typological Arguments for Radical Construction Grammar},
	Year = {2005}}

@incollection{croft05relevance,
	Address = {Amsterdam},
	Author = {Croft, William},
	Booktitle = {Different Models of Linguistic Change},
	Editor = {Nedergaard Thomsen, Ole},
	Publisher = {John Benjamins},
	Title = {The Relevance of an Evolutionary Model to Historical Linguistics},
	Year = {2004}}

@article{croft07origins,
	Author = {Croft, William},
	Title = {The Origins of Grammar in the Verbalization of Experience},
	Journal = {Cognitive Linguistics},
	Volume = {18},
	Year = {2007},
	Pages = {339--382}}

@article{croft08origins,
	Author = {Croft, William},
	Title = {The Origins of Grammaticalization in the Verbalization of Experience},
	Journal = {Linguistics},
	Note = {to appear},
	Year = {2008}}

@book{cullicover05simpler,
	Address = {Oxford},
	Author = {Cullicover, Peter W. and Jackendoff, Ray},
	Publisher = {Oxford University Press},
	Title = {Simpler Syntax},
	Year = {2005}}

@incollection{cysouw08building,
	Author = {Cysouw, Michael},
	Title = {Building Semantic Maps: The Case of Person Marking}, 
	Editor = {Miestamo, Matti and W\"{a}lchli, Bernhard},
	Booktitle = {New Challenges in Typology}, 
	Publisher = {Mouton De Gruyter},
	Address = {Berlin},
	Pages = {225--248},
	Year = {2007}}

@article{daelemans99forgetting,
	Author = {Daelemans, Walter and {v}an {d}en Bosch, Antal and Zavrel, Jakub},
	Title = {Forgetting Exceptions is Harmful in Language Learning},
	Journal = {Machine Learning},
	Volume = {34},
	Number = {1/3},
	Pages = {11--43},
	Year = {1999}}

@incollection{daelemans02comparing,
	Author = {Daelemans, Walter},
	Title = {A Comparison of {A}nalogical {M}odeling of {L}anguage to {M}emory-{B}ased {L}anguage {P}rocessing},
	Booktitle = {Analogical Modeling},
	Pages = {157-179},
  	Year = {2002},
  	Editor = {Skousen, R. and Lonsdale, D. and Parkinson, D.},
  	Publisher = {John Benjamins},
  	Address = {Amsterdam}}

@book{daelemans05memory,
	Address = {Cambridge},
	Author = {Daelemans, Walter and {Van den Bosch}, Antal},
	Publisher = {Cambridge University Press},
	Series = {Studies in Natural Language Processing},
	Title = {Memory-Based Language Processing},
	Year = {2005}}

@book{dahlstrom91plains,
	Author = {Dahlstrom, Amy},
	Title = {Plains Cree Morphosyntax},
	Year = {1991},
	Publisher = {Garland},
	Address = {New York}}

@article{Dallasta:2006,
	Author = {Dall'Asta, L. and Baronchelli, A. and Barrat, A. and Loreto, V.},
	Title = {Nonequilibrium dynamics of language games on complex  networks}, 
	Journal = {Physical Review E},
	Volume = {74},
	Number = {3:036105},
	Year = {2006}}

@article{dalrymple09indeterminacy,
	Author = {Dalrymple, Mary and King, Tracy Holloway and Sadler, Louisa},
	Title = {Indeterminacy by Underspecification},
	Journal = {Journal of Linguistics},
	Volume = {45},
	Pages = {31--68},
	Year = {2009}}

@inproceedings{daniels01on,
	Author = {Daniels, Michael},
	Title = {On a Type-Based Analysis of Feature Neutrality and the Coordination of Unlikes},
	Booktitle = {Proceedings of the 8th International Conference on {HPSG}},
	Publisher = {CSLI},
	Address = {Stanford},
	Pages = {137--147},
	Year = {2001}}

@article{Dash:2003,
	Author = {Dash, R. and Jennings, N. and Parkes, D.},
	Year = {2003},
	Title = {Computational-Mechanism Design: A Call to Arms},
	Journal = {IEEE Intelligent Systems},
	Month = {November},
	Pages = {40--47}}

@book{dautenhahn02imitation,
	Editor = {Dautenhahn, Kerstin and Nehaniv, Chrystopher},
	Publisher = {MIT Press},
	Title = {Imitation in Animals and Artifacts},
	Year = {2002}}

@incollection{davidse96functional,
	Address = {Amsterdam},
	Author = {Davidse, Kristin},
	Booktitle = {The Dative. Volume 1: Descriptive Studies},
	Editor = {Van Belle, William and Van Langendonck, Willy},
	Pages = {289 -- 338},
	Publisher = {John Benjamins},
	Series = {Case and Grammatical Relations Across Languages},
	Title = {Functional Dimensions of the Dative in {E}nglish},
	Year = {1996}}

@book{davies86choctaw,
	Author = {Davies, William D.},
	Title = {Choctaw Verb Agreement and Universal Grammar},
	Address = {Dordrecht},
	Publisher = {Reidel Publishing Company},
	Year = {1986}}

@article{davis00linking,
	Author = {Davis, Anthony and Koenig, Jean-Pierre},
	Journal = {Language},
	Number = {1},
	Pages = {59--91},
	Title = {Linking as Constraints on Word Classes in a Hierarchical Lexicon},
	Volume = {76},
	Year = {2000}}

@book{dawkins82extended,
	Address = {Oxford},
	Author = {Dawkins, Richard},
	Publisher = {W.H. Freedman},
	Title = {The Extended Phenotype},
	Year = {1982}}

@book{deacon97symbolic,
	Author = {Deacon, Terence W.},
	Title = {The Symbolic Species: The Co-Evolution of Language and the Brain},
	Publisher = {W.W. Norton},
	Address = {New York},
	Year = {1997}}

@inproceedings{debeule02grounding,
	Address = {Belgium.},
	Author = {De Beule, Joachim and Van Looveren, Joris and Zuidema, Willem},
	Booktitle = {Proceedings of the 14th Belgium-Netherlands Conference on Artificial Intelligence (BNAIC '02)},
	Title = {Grounding Formal Syntax in an Almost Real World},
	Year = {2002}}

@techreport{debeule04process-engine,
	Author = {De Beule, Joachim},
	Institution = {ARTI-lab, Vrije Universiteit Brussel},
	Number = {04-06},
	Title = {Processes and the Process Engine},
	Type = {AI-Memo},
	Year = {2004}}

@inproceedings{debeule05creating,
	Address = {Groningen, The Netherlands},
	Author = {De Beule, Joachim},
	Booktitle = {Proceedings of the 16th Belgium-Netherlands Conference on Artificial Intelligence (BNAIC '04)},
	Title = {Creating Temporal Categories for an Ontology of Time},
	Year = {2004}}

@inproceedings{debeule05hierarchy,
	Address = {Berlin},
	Author = {De Beule, Joachim and Steels, Luc},
	Booktitle = {KI 2005: Advances In Artificial Intelligence. Proceedings of the 28th German Conference on AI},
	Editor = {Furbach, Ulrich},
	Publisher = {Springer},
	Series = {Lecture Notes in Artificial Intelligence},
	Title = {Hierarchy in {F}luid {C}onstruction {G}rammar},
	Volume = {3698},
	Pages = {1--15},
	Year = {2005}}

@inproceedings{debeule05simulating,
	Address = {Dordrecht},
	Author = {De Beule, Joachim},
	Booktitle = {Evolutionary Epistemology, Language and Culture - A nonadaptationist systems theoretical approach},
	Editor = {Gontier, Nathalie and Van Bendegem, Jean Paul and Aerts, Diederik},
	Publisher = {Springer},
	Series = {Theory and Decision Library - Series A: Philosophy and Methodology of the Social Sciences},
	Title = {Simulating the syntax and semantics of linguistic constructions about time},
	Year = {2005}}

@inproceedings{debeule06emergence,
	Address = {Singapore},
	Author = {De Beule, Joachim and Bergen, Benjamin K.},
	Booktitle = {The Evolution of Language},
	Editor = {Cangelosi, A. and Smith, A. and Smith, K.},
	Publisher = {World Scientific},
	Title = {On the Emergence of Compositionality},
	Year = {2006}}
	
@inproceedings{debeule06cross,
  author={De Beule, Joachim and De Vylder, Bart and Belpaeme, Tony},
  title={A Cross-Situational Learning Algorithm for Damping Homonymy in the Guessing Game},
  year={2006},
  pages={466--472},
  editor={Rocha, Luis M. and Yaeger, Larry S. and Bedau, Mark A. and Floreano, Dario and Goldstone, Robert L. and Vespignani, Alessandro},
  publisher={MIT Press},
  booktitle={Artificial Life X}}

@phdthesis{debeule07compositionality,
	Author = {De Beule, Joachim},
	School = {Vrije Universiteit Brussel},
	Title = {Compositionality, Hierarchy and Recursion in Language. A Case Study in {F}luid {C}onstruction {G}rammar},
	Year = {2007}}

@inproceedings{debeule08emergence,
	Author = {De Beule, Joachim},
	Title = {The Emergence of Compositionality, Hierarchy and Recursion in Peer-to-Peer Interactions},
	Booktitle = {The Evolution of Language. Proceedings of the 7th International Conference (EVOLANG 7)},
	Editor = {Smith, Andrew D.M. and Smith, Kenny and Ferrer i Cancho, Ramon},
	Address = {Singapore},
	Publisher = {World Scientific Press},
	Pages = {75--82},
	Year = {2008}}

@article{deboer00self,
	Author = {de Boer, Bart},
	Journal = {Journal of Phonetics},
	Number = {4},
	Pages = {441--465},
	Title = {Self Organization in Vowel Systems},
	Volume = {28},
	Year = {2000}}

@phdthesis{deboer99self,
	Author = {de Boer, Bart},
	Title = {Self-organisation in Vowel Systems},
	School = {Vrije Universiteit Brussel},
	Address = {Brussels},
	Year = {1999}}
	
@book{dejonghe90nederlands,
	Address = {Lier},
	Editor = {de Jonghe, H. and de Geest, W.},
	Publisher = {Van In},
	Title = {Nederlands, Je Taal},
	Year = {1990}}

@phdthesis{depauw02grael,
	Author = {De Pauw, Guy},
	Title = {An Agent-Based Evolutionary Computing Approach to Memory-Based Syntactic Parsing of Natural Language},
	School = {Universiteit van Antwerpen},
	Year = {2002},
	Address = {Antwerp}}

@book{deutscher05unfolding,
	Author = {Deutscher, Guy},
	Title = {The Unfolding of Language. An Evolutionary Tour of Mankind's Greatest Invention},
	Publisher = {Metropolitan},
	Year = {2005},
	Address = {New York}}

@article{Vylder:2006,
	Author = {De Vylder, B.  and Tuyls, K.},
	Title = {How to reach linguistic consensus: A proof of convergence for the naming game}, 
	Journal = {Journal  of Theoretical Biology},
	Volume = {242},
	Number = {4},
	Pages = {818--831},
	Month = {October},
	Year = {2006}}

@phdthesis{devylder07evolution,
	Author = {De Vylder, Bart},
	Title = {The Evolution of Conventions in Multi-Agent Systems},
	School = {Vrije Universiteit Brussel},
	Year = {2007},
	Address = {Brussels}}

@article{diessel00development,
	Author = {Diessel, Holger and Tomasello, Michael},
	Journal = {Cognitive Linguistics},
	Volume = {11},
	Pages = {131--152},
	Title = {The Development of Relative Constructions in Early Child Speech},
	Year = {2000}}

@incollection{diessel05wals,
	Address = {Oxford},
	Author = {Diessel, Holger},
	Booktitle = {The World Atlas of Language Structures},
	Editor = {Haspelmath, Martin and Dryer, Matthew S. and Gil, David and Comrie, Bernard},
	Pages = {170--173},
	Publisher = {Oxford University Press},
	Title = {Distance Contrasts in Demonstratives},
	Year = {2005}}

@article{diessel06demonstratives,
	Author = {Diessel, Holger},
	Journal = {Cognitive Linguistics},
	Note = {to appear},
	Title = {Demonstratives, Joint Attention, and the Evolution of Grammar},
	Year = {2006}}

@book{diessel99demonstratives,
	Address = {Amsterdam},
	Author = {Diessel, Holger},
	Publisher = {John Benjamins},
	Series = {Typological Studies in Language 42},
	Title = {Demonstratives: Form, Function, and Grammaticalization},
	Year = {1999}}

@book{dik97functional,
	Address = {Berlin},
	Author = {Dik, Simon},
	Publisher = {Mouton de Gruyter},
	Title = {The Theory of Functional Grammar},
	Year = {1997}}

@book{dinsmore92symbolic,
	Editor = {Dinsmore, John},
	Publisher = {Lawrence Erlbaum Associates},
	Title = {The Symbolic and Connectionist Paradigms: Closing the Gap},
	Year = {1992}}

@book{doke27zulu,
	Address = {Cape Town},
	Author = {Doke, Clement M.},
	Note = {Previously published in 1927 by the University of Witwatersrand},
	Publisher = {Maskew Miller Longman},
	Title = {Textbook of Zulu Grammar},
	Year = {1992}}

@article{dominey00conceptual,
	Author = {Dominey, Peter F.},
	Journal = {Evolution of Communication},
	Number = {1},
	Pages = {57--85},
	Title = {Conceptual Grounding in Simulation Studies of Language Acquisition},
	Volume = {4},
	Year = {2000}}

@article{dominey05emergence,
	Author = {Dominey, Peter Ford},
	Title = {Emergence of Grammatical Constructions: Evidence from Simulation and Grounded Agent Experiments},
	Journal = {Connection Science},
	Volume = {17},
	Pages = {289--306},
	Year = {2005}}

@article{Dowman:2006,
	Author = {Dowman, M. and Kirby, S. and Griffiths, T. L.},
	Title = {Innateness and Culture in the Evolution of Language},
	Editor = {Cangelosi, A. and Smith, A. and Smith, K.},
	Booktitle = {The Evolution of Language: Proceedings of the 6th International Conference on the Evolution of Language},
	Publisher = {World Scientific Press},
	Year = {2006},
	Address = {Singapore}}

@book{dowty79word,
	Author = {Dowty, David},
	Title = {Word Meaning and Montague Grammar},
	Address = {Dordrecht},
	Publisher = {Reidel},
	Year = {1979}}

@article{dowty91thematic,
	Author = {Dowty, David},
	Journal = {Language},
	Pages = {547--619},
	Title = {Thematic Proto-roles and Argument Selection},
	Volume = {67},
	Year = {1991}}

@incollection{dryer97are,
	Address = {Amsterdam},
	Author = {Dryer, Matthew S.},
	Booktitle = {Essays on Language Function and Language Type: Dedicated to T. Givon},
	Editor = {Bybee, Joan and Haiman, John and Thompson, Sandra},
	Pages = {115--143},
	Publisher = {John Benjamins},
	Title = {Are Grammatical Relations Universal?},
	Year = {1997}}

@inproceedings{dueffert03germanteam,
	Address = {Fukuoka, Japan},
	Author = {D{\"u}ffert, Uwe and J{\"u}ngel, Matthias and Laue, Tim and L{\"o}tzsch, Martin and Risler, Max and R{\"o}fer, Thomas},
	Booktitle = {RoboCup 2002: Robot Soccer World Cup VI},
	Editor = {Kaminka, Gal A. and Lima, Pedro U. and Rojas, Ra{\'u}l},
	Note = {more detailed in GermanTeam RoboCup 2002. Technical Report (178 pages, http://www.tzi.de/kogrob/papers/GermanTeam2002.pdf)},
	Publisher = {Springer},
	Series = {Lecture Notes in Artificial Intelligence},
	Title = {GermanTeam 2002},
	Volume = {2752},
	Year = {2003}}

@proceedings{ecal07,
	Address = {Berlin},
	Editor = {Almeida e Costa, Fernando and Rocha, Luis M. and Costa, Ernesto and Harvey, Inman},
	Publisher = {Springer-Verlag},
	Series = {LNAI 4648},
	Title = {Proceedings of the Ninth ECAL},
	Year = {2007}}

@book{erneling05mind,
	Editor = {Erneling, Christina E. and Johnson, David M.},
	Publisher = {Oxford University Press},
	Title = {The Mind As a Scientific Object: Between Brain and Culture},
	Year = {2005}}

@article{evans09myth,
	Author = {Evans, Nicholas and Levinson, Stephen},
	Title = {The Myth of Language Universals: Language Diversity and Its Importance for Cognitive Science},
	Journal = {Behavioral and Brain Sciences},
	Volume = {32},
	Number = {5},
	Pages = {472--484},
	Year = {2009}}

@article{fanego04reanalysis,
	Author = {Fanego, Teresa},
	Journal = {Diachronica},
	Number = {21},
	Pages = {5--55},
	Title = {On Reanalysis and Actualization in Syntactic Change: The Rise and Development of {E}nglish Verbal Gerunds},
	Volume = {21},
	Year = {2004}}
	
@article{fay10interactive,
	Author = {Fay, Nicolas and Garrod, Simon and Roberts, Leo and Swoboda, Nik},
	Title = {The Interactive Evolution of Human Communication Systems},
	Year = {in press},
	Journal = {Cognitive Science}}

@incollection{fernandez99leismo,
	Author = {Fern\'andez-Ord\'o\~nez, Ines},
	Year = {1999},
	Title = {Le\'ismo, La\'ismo, lo\'ismo: Estado de la Cuesti\'on},
	Editor = {Bosque, I. and Demonte, V.},
	Booktitle = {Gram\'atica Descriptiva de la Lengua Espa\~nola},
	Address = {Madrid},
	Publisher = {RAE -- Espasa Calpe},
	Volume = {I},
	Pages = {1319--1390}}

@incollection{fillmore03case,
	Address = {Stanford},
	Author = {Fillmore, Charles J.},
	Booktitle = {Form and Meaning in Language},
	Editor = {Fillmore, Charles J.},
	Note = {(First printed in 1968)},
	Pages = {23--122},
	Publisher = {CSLI Publications},
	Title = {The Case for Case},
	Volume = {Volume 1: Papers on Semantic Roles},
	Year = {2003}}

@book{fillmore03form,
	Address = {Stanford},
	Author = {Fillmore, Charles J.},
	Publisher = {CSLI Publications},
	Title = {Form and Meaning in Language},
	Volume = {Volume 1: Papers on Semantic Roles},
	Year = {2003}}

@incollection{fillmore03grammar,
	Address = {Stanford},
	Author = {Fillmore, Charles J.},
	Booktitle = {Form and Meaning in Language},
	Editor = {Fillmore, Charles J.},
	Note = {(First printed in 1970)},
	Pages = {123--139},
	Publisher = {CSLI Publications},
	Title = {The Grammar of Hitting and Breaking},
	Volume = {Volume 1: Papers on Semantic Roles},
	Year = {2003}}

@incollection{fillmore03reopened,
	Address = {Stanford},
	Author = {Fillmore, Charles J.},
	Booktitle = {Form and Meaning in Language},
	Editor = {Fillmore, Charles J.},
	Note = {(First printed in 1977)},
	Pages = {175--200},
	Publisher = {CSLI Publications},
	Title = {The Case for Case Reopened},
	Volume = {Volume 1: Papers on Semantic Roles},
	Year = {2003}}

@book{fillmore08construction,
	Author = {Fillmore, Charles J. and Kay, Paul and Michaelis, Laura and Sag, Ivan},
	Title = {Construction Grammar},
	Address = {Chicago},
	Publisher = {Chicago University Press},
	Note = {Unpublished manuscript. Chapter 7 available online at http://lingo.stanford.edu/sag/SBCG/7.pdf. Last accessed on 1 May 2008},
	Year = {unpubl.}}

@incollection{fillmore68case,
	Address = {New York},
	Author = {Fillmore, Charles},
	Booktitle = {Universals in Linguistic Theory},
	Editor = {Bach, E. and Harms, R.},
	Pages = {1--88},
	Publisher = {Holt, Rhinehart and Winston},
	Title = {The Case for Case},
	Year = {1968}}

@incollection{fillmore70grammar,
	Address = {Waltham, MA},
	Author = {Fillmore, Charles},
	Booktitle = {Readings in {E}nglish Transformational Grammar},
	Editor = {Jacobs, R.A. and Rosenbaum, P.S.},
	Pages = {120--133},
	Publisher = {Ginn},
	Title = {The Grammar of Hitting and Breaking},
	Year = {1970}}

@incollection{fillmore77case,
	Address = {New York},
	Author = {Fillmore, Charles J.},
	Booktitle = {Grammatical Relations},
	Editor = {Cole, Peter and Sadock, Jerrold M.},
	Pages = {59--82},
	Publisher = {Academic},
	Series = {Syntax and Semantics},
	Title = {The Case for Case Reopened},
	Volume = {8},
	Year = {1977}}

@incollection{fillmore77scenes,
	Author = {Fillmore, Charles J.},
	Title = {Scenes-and-frames semantics},
	Editor = {Zampolli, A.},
	Booktitle = {Linguistic Structures Processing},
	Address = {Amsterdam},
	Publisher = {North-Holland},
	Pages = {55--81}}

@article{fillmore88regularity,
	Author = {Fillmore, Charles J. and Kay, Paul and O'Connor, Mary Kay},
	Title = {Regularity and Idiomaticity in Grammmatical Constructions: the Case of {\em let alone}},
	Journal = {Language},
	Volume = {64},
	Pages = {501--538},
	Year = {1988}}
	
@inproceedings{fischer01communicative,
	Author = {Fischer, Kerstin and Moratz, Reinhard},
	Booktitle = {Proceedings of the First International Workshop on Epigenetic Robotics: Modeling Cognitive Development in Robotic Systems},
	Editor = {Balkenius et al, Christian},
	Series = {Lund University Cognitive Studies},
	Title = {From Communicative Strategies to Cognitive Modelling},
	Volume = {85},
	Year = {2001}}

@article{fitch05evolution,
	Author = {Fitch, W.T. and Hauser, M.D. and Chomsky, N.},
	Journal = {Cognition},
	Title = {The Evolution of the Language Faculty: Clarifications and Implications},
	Volume = {97},
	Number = {2},
	Pages = {179--210},
	Year = {2005}}

@incollection{flavell92perspectives,
	Address = {Hillsdale, NJ.},
	Author = {Flavell, John H.},
	Booktitle = {Piaget's Theory: Prospects and Possibilities},
	Editor = {Beilin, Harry and Pufall, Peter B.},
	Pages = {107--139},
	Publisher = {Erlbaum},
	Title = {Perspectives on Perspective Taking},
	Year = {1992}}

@article{flickinger00on,
	Author = {Flickinger, Daniel P.},
	Title = {On Building a More Efficient Grammar By Exploiting Types},
	Journal = {Natural Language Engineering},
	Volume = {6},
	Number = {1},
	Pages = {15--28},
	Year = {2000}}

@book{fogel66artificial,
	Address = {New York},
	Author = {Fogel, L.J. and Owens, A.J. and Walsh, M.J.},
	Publisher = {John Wiley},
	Title = {Artificial Intelligence through Simulated Evolution},
	Year = {1966}}

@article{fong03survey,
	Author = {Fong, Terrence and Nourbakhsh, Illah and Dautenhahn, Kerstin},
	Journal = {Robotics and Autonomous Systems},
	Title = {A Survey of Socially Interactive Robots},
	Volume = {42},
	Year = {2002}}

@book{francez12unification,
	Author = {Francez, Nissim and Wintner, Shuly},
	Title = {Unification Grammars},
	Address = {Cambridge},
	Publisher = {Cambridge University Press},
	Year = {2012}}

@book{francis82frequency,
	Address = {Boston, MA},
	Author = {Francis, N. and Kucera, H.},
	Publisher = {Hoghton Mifflin},
	Title = {Frequency Analysis of {E}nglish Usage: Lexicon and Grammar},
	Year = {1982}}

@article{french02computational,
	Author = {French, Robert M.},
	Journal = {Trends in Cognitive Sciences},
	Number = {5},
	Pages = {200--205},
	Title = {The Computational Modeling of Analogy-making},
	Volume = {6},
	Year = {2002}}

@book{fried04construction,
	Address = {Amsterdam},
	Editor = {Fried, Mirjam and {\"O}stman, Jan-Ola},
	Publisher = {John Benjamins},
	Title = {Construction Grammar in a Cross-Language Perspective},
	Year = {2004}}

@incollection{fried04thumbnail,
	Address = {Amsterdam},
	Author = {Fried, Mirjam and {\"O}stman, Jan-Ola},
	Booktitle = {Construction Grammar in a Cross-Language Perspective},
	Editor = {Fried, Mirjam and {\"O}stman, Jan-Ola},
	Pages = {11--86},
	Publisher = {John Benjamins},
	Title = {Construction Grammar: A Thumbnail Sketch},
	Year = {2004}}

@article{fujita98development,
	Author = {Fujita, Masahiro and Kitano, Hiroaki},
	Journal = {Autonomous Robots},
	Number = {1},
	Pages = {7--18},
	Title = {Development of an Autonomous Quadruped Robot for Robot Entertainment},
	Volume = {5},
	Year = {1998}}
	
@inproceedings{Fujita:2003,
	Author = {Fujita, M. and Kuroki, Y. and Ishida, T. and Doi, T.T.},
	Year = {2003},
	Title = {Autonomous behavior control architecture of entertainment humanoid  robot SDR-4X},
	Booktitle = {Proceedings of the IEEE/RSJ International Conference on Intelligent Robots and Systems  (IROS '03)},
	Pages = {960--967},
	Volume = {1}, 
	Address = {Las Vegas, Nevada}}

@article{galantucci05experimental,
	Author = {Galantucci, Bruno},
	Journal = {Cognitive Science},
	Number = {5},
	Pages = {737--767},
	Title = {An Experimental Study of the Emergence of Human Communication Systems},
	Volume = {29},
	Year = {2005}}

@article{galantucci10experimental,
	Author = {Galantucci, Bruno and Garrod, Simon},
	Title = {Experimental Semiotics: A New Approach for Studying the Emergence and the Evolution of Human Communication},
	Journal = {Interaction Studies},
	Pages = {1--13},
	Year = {2010},
	Volume = {11},
	Number = {1}}

@book{gardenfors00conceptual-spaces,
	Author = {G{\"a}rdenfors, Peter},
	Publisher = {MIT Press},
	Series = {A Bradford Book},
	Title = {Conceptual Spaces: The Geometry of Thought},
	Year = {2000}}

@inproceedings{gardenfors01reasoning,
	Address = {Seattle, Washington},
	Author = {G{\"a}rdenfors, Peter and Williams, Mary-Anne},
	Booktitle = {Proceedings of the Seventeenth International Joint Conference on Artificial Intelligence, IJCAI 2001},
	Editor = {Nebel, Bernhard},
	Month = {August},
	Pages = {385--392},
	Publisher = {Morgan Kaufmann},
	Title = {Reasoning about Categories in Conceptual Spaces},
	Year = {2001}}

@article{gardenfors01slicing,
	Author = {G{\"a}rdenfors, Peter},
	Journal = {Danish Yearbook for Philosophy},
	Pages = {7--34},
	Title = {Slicing the Theory of Mind},
	Volume = {36},
	Year = {2001}}

@incollection{gardenfors04cooperation,
	Address = {Cambridge, MA},
	Author = {G{\"a}rdenfors, Peter},
	Booktitle = {Evolution of Communication Systems: A Comparative Approach},
	Editor = {Oller, D. Kimbrough and Griebel, Ulrike},
	Pages = {237--256},
	Publisher = {MIT Press},
	Title = {Cooperation and the Evolution of Symbolic Communication},
	Year = {2004}}

@incollection{gardenfors05detachment,
	Author = {G{\"a}rdenfors, Peter},
	Booktitle = {The Mind As a Scientific Object: Between Brain and Culture},
	Editor = {Erneling, Christina E. and Johnson, David M.},
	Publisher = {Oxford University Press},
	Title = {The Detachment of Thought},
	Year = {2005}}

@article{gardenfors99cognitive-science,
	Author = {G{\"a}rdenfors, Peter},
	Journal = {Human IT},
	Number = {2},
	Title = {Cognitive Science: From Computers to Anthills as Models of Human Thought},
	Volume = {3},
	Year = {1999}}
	
@article{Garrod:1987,
	Author = {Garrod, S. and Anderson, A.},
	Title = {Saying What You Mean in Dialogue: A Study in Conceptual and Semantic Coordination},
	Journal = {Cognition},
	Volume = {27},
	Pages = {181--218},
	Year = {1987}}	

@article{garrod10can,
	Author = {Garrod, Simon and Fay, Nicolas and Rogers, Shane and Walker, Bradley and Swoboda, Nik},
	Title = {Can Iterated Learning Explain the Emergence of Graphical Symbols?},
	Journal = {Interaction Studies},
	Volume = {11},
	Number = {1},
	Pages = {52--69},
	Year = {2010}}

@book{gazdar85gpsg,
	Author = {Gazdar, Gerald and Klein, Ewan H. and Pullum, Geoffrey K. and Sag, Ivan A.},
	Title = {{Generalized Phrase Structure Grammar}},
	Address = {Oxford/Cambridge, MA},
	Publisher = {Blackwell/Harvard University Press},
	Year = {1985}}

@book{george71malayalam,
	Address = {Kottayam},
	Author = {George, K.M.},
	Publisher = {National Book Stall},
	Title = {Malayalam Grammar and Reader},
	Year = {1971}}
	
@inproceedings{gerasymova09aspectual,
	Author = {Gerasymova, Kateryna and Steels, Luc and {van Trijp}, Remi},
	Title = {Aspectual Morphology of Russian Verbs in {F}luid {C}onstruction {G}rammar},
	Booktitle = {Proceedings of the 31th Annual Conference of the Cognitive Science Society},
	Editor = {Taatgen, N.A. and {van Rijn}, H.},
	Publisher = {Cognitive Science Society},
	Year = {2009}}

@inproceedings{gerasymova10whole,
	Author = {Gerasymova, Kateryna and Spranger, Michael},
	Title = {A Whole Systems Approach to Russian Grammar},
	Year = {under review}}

@article{geurts00explaining,
	Author = {Geurts, Bart},
	Journal = {Linguistics},
	Pages = {1175--1180},
	Title = {Explaining Grammaticalization (the Standard Way)},
	Volume = {38},
	Year = {2000}}

@inproceedings{gil08how,
	Author = {Gil, David},
	Title = {How Much Grammar Does it Take to Sail a Boat?(Or, What can Material Artifacts Tell Us about the Evolution of Language},
	Booktitle = {The Evolution of Language. Proceedings of the 7th International Conference (EVOLANG 7)},
	Editor = {Smith, Andrew D.M. and Smith, Kenny and Ferrer i Cancho, Ramon},
	Address = {Singapore},
	Publisher = {World Scientific Press},
	Pages = {123--130},
	Year = {2008}}

@incollection{gillis97acquisition,
	Address = {Vienna},
	Author = {Gillis, Steven},
	Booktitle = {Studies in Pre- and Protomorphology},
	Editor = {Dressler, W.},
	Pages = {165--179},
	Publisher = {Verlag der \"{O}sterreichischen Akademie der Wissenschaften},
	Title = {The Acquisition of Diminutives in {D}utch},
	Year = {1997}}

@book{gillis98studies,
	Address = {Antwerp},
	Editor = {Gillis, Steven},
	Publisher = {University of Antwerp},
	Series = {Antwerp Papers in Linguistics},
	Volume = {95},
	Title = {Studies in the Acquisition of Number and Diminutive Marking},
	Year = {1998}}

@book{ginzburg00interrogative,
	Author = {Ginzburg, Jonathan and Sag, Ivan A.},
	Title = {Interrogative Investigations: the Form, the Meaning, and Use of English Interrogatives},
	Address = {Stanford},
	Publisher = {CSLI Publications},
	Year = {2000}}

@book{givon97grammatical,
	Address = {Amsterdam},
	Publisher = {John Benjamins},
	Editor = {Giv\'{o}n, Talmy},
	Title = {Grammatical Relations: A Functional Perspective},
	Volume = {35},
	Series = {Typological Studies in Language},
	Year = {1997}}

@incollection{givon97introduction,
	Address = {Amsterdam},
	Publisher = {John Benjamins},
	Author = {Giv\'{o}n, Talmy},	
	Editor = {Giv\'{o}n, Talmy},
	Title = {Grammatical Relations: An Introduction},
	Booktitle = {Grammatical Relations: A Functional Perspective},
	Volume = {35},
	Series = {Typological Studies in Language},
	Pages = {1--84},
	Year = {1997}}

@book{givon01syntax,
	Address = {Amsterdam},
	Publisher = {John Benjamins},
	Author = {Giv\'{o}n, Talmy},
	Title = {Syntax},
	Volume = {1},
	Year = {2001}}

@book{gleason65linguistics,
	Address = {New York},
	Author = {Gleason, Henry A.},
	Publisher = {Holt, Rinehart and Winston},
	Title = {Linguistics and {E}nglish Grammar},
	Year = {1965}}

@book{Goffman:1974,
	Author = {Goffman, Erving},
	Year = {1974},
	Title = {Frame Analysis: An Essay on the Organization of Experience},
	Address = {New York},
	Publisher = {Harper  and Row}}

@article{goldberg03constructions,
	Author = {Goldberg, Adele E.},
	Journal = {Trends in Cognitive Science},
	Pages = {219--224},
	Title = {Constructions: A New Theoretical Approach to Language},
	Volume = {7},
	Number = {5},
	Month = {May},
	Year = {2003}}

@article{goldberg04english,
	Author = {Goldberg, Adele E. and Jackendoff, Ray},
	Title = {The English Resultative as a Family of Constructions},
	Journal = {Language},
	Volume = {80},
	Number = {3},
	Year = {2004},
	Pages = {532--568}}

@article{goldberg04learning,
	Author = {Goldberg, Adele E. and Casenhiser, Devin M. and Sethuraman, Nitya},
	Journal = {Cognitive Linguistics},
	Number = {3},
	Pages = {289--316},
	Title = {Learning Argument Structure Generalizations},
	Volume = {15},
	Year = {2004}}

@article{goldberg05end,
	Author = {Goldberg, Adele E. and Jackendoff, Ray},
	Title = {The End Result(ative)},
	Journal = {Language},
	Volume = {81},
	Number = {2},
	Year = {2005},
	Pages = {474--477}}

@book{goldberg06constructions,
	Address = {Oxford},
	Author = {Goldberg, Adele E.},
	Publisher = {Oxford University Press},
	Title = {Constructions At Work: The Nature of Generalization in Language},
	Year = {2006}}

@book{goldberg95construction,
	Address = {Chicago},
	Author = {Goldberg, Adele E.},
	Publisher = {Chicago UP},
	Title = {A Construction Grammar Approach to Argument Structure},
	Year = {1995}}

@inproceedings{gonzalez-banos02real-time,
	Address = {Washington DC, USA},
	Author = {Gonz{\'a}lez-Ba{\~n}os, Hector H. and Lee, Cheng-Yu and Latombe, Jean-Claude},
	Booktitle = {IEEE International Conference on Robotics and Automation},
	Month = {May},
	Title = {Real-time Combinatorial Tracking of a Target Moving Unpredictably Among Obstacles},
	Year = {2002}}

@article{gould82exaptation,
	Author = {Gould, S.J. and Vrba, E.S.},
	Journal = {Paleobiology},
	Pages = {4--15},
	Title = {Exaptation. {A} Missing Term in the Science of Form},
	Volume = {8},
	Year = {1982}}

@incollection{grice75logic,
	Address = {New York},
	Author = {Grice, H.P.},
	Booktitle = {Syntax and Semantics: Speech Acts. Volume 3},
	Editor = {Cole, P. and Morgan, J.L.},
	Pages = {41--58},
	Publisher = {Academic},
	Title = {Logic and Conversation},
	Year = {1975}}

@book{gruber76lexical,
	Author = {Gruber, Jeffrey S.},
	Title = {Lexical Structures in Syntax and Semantics},
	Series = {North-Holland Linguistic Series},
	Volume = {25},
	Address = {Amsterdam},
	Publisher = {North-Holland},
	Year = {1976},
	Notes = {Originally written in 1965}}

@inproceedings{hafner04learning,
	Author = {Hafner, Verena and Kaplan, Fr{\'e}d{\'e}ric},
	Booktitle = {Proceedings of the KI2004 Workshop on Neurobotics},
	Editor = {Palm, G. and Wermter, S.},
	Title = {Learning to interpret pointing gestures: experiments with four-legged autonomous robots},
	Year = {2004}}

@book{halliday94functional,
	Address = {Amsterdam},
	Author = {Halliday, Michael A.K.},
	Publisher = {John Benjamins},
	Title = {An Introduction to Functional Grammar},
	Year = {1994}}

@article{harnad90symbolgrounding,
	Author = {Harnad, Stevan},
	Journal = {Physica D},
	Pages = {335--346},
	Title = {The Symbol Grounding Problem},
	Volume = {42},
	Year = {1990}}

@book{harris95historical,
	Address = {Cambridge},
	Author = {Harris, Alice and Campbell, Lyle},
	Publisher = {Cambridge University Press},
	Title = {Historical Syntac in Cross-Linguistic Perspective},
	Year = {1995}}

@incollection{haspelmath03geometry,
	Address = {Mahwah, New Jersey},
	Author = {Haspelmath, Martin},
	Booktitle = {The New Psychology of Language},
	Editor = {Tomasello, Michael},
	Pages = {211--242},
	Publisher = {Lawrence Erlbaum},
	Title = {The Geometry of Grammatical Meaning: Semantic Maps and Cross-Linguistic Comparison},
	Volume = {2},
	Year = {2003}}

@article{haspelmath04explaining,
	Author = {Haspelmath, Martin},
	Journal = {Constructions},
	Title = {Explaining the Ditransitive Person-Role Constraint: A Usage-Based Account},
	Volume = {2},
	Year = {2004}}

@article{haspelmath05argument,
	Author = {Haspelmath, Martin},
	Journal = {Linguistic Discovery},
	Number = {1},
	Pages = {1--21},
	Title = {Argument Marking in Ditransitive Alignment Types},
	Volume = {3},
	Year = {2005}}

@article{haspelmath06simulating,
	Author = {Haspelmath, Martin and Siegmund, Sven},
	Journal = {Linguistic Typology},
	Number = {1},
	Pages = {74--82},
	Title = {Simulating the Replication of Some of Greenberg's Word Order Generalizations},
	Volume = {10},
	Year = {2006}}

@article{haspelmath07categories,
	Author = {Haspelmath, Martin},
	Journal = {Linguistic Typology},
	Number = {1},
	Pages = {119--132},
	Title = {Pre-Established Categories Don't Exist},
	Volume = {11},
	Year = {2007}}

@incollection{haspelmath09case,
	Author= {Haspelmath, Martin},
	Title = {Terminology of Case},
	Editor = {Malchukov, Andrej and Spencer, Andrew},
	Booktitle = {Handbook of Case},
	Address = {Oxford},
	Publisher = {Oxford University Press},
	Pages = {505--517},
	Year = {2009}}

@article{haspelmath90grammaticization,
	Author = {Haspelmath, Martin},
	Journal = {Studies in Language},
	Number = {1},
	Pages = {25--71},
	Title = {The Grammaticization of Passive Morphology},
	Volume = {14},
	Year = {1990}}

@book{haspelmath97spacetime,
	Address = {Munich},
	Author = {Haspelmath, Martin},
	Publisher = {Lincom Europa},
	Series = {Lincom Studies in Theoretical Linguistics 3},
	Title = {From Space to Time: Temporal Adverbials in the World's Languages},
	Year = {1997}}

@article{haspelmath98does,
	Author = {Haspelmath, Martin},
	Journal = {Studies in Language},
	Number = {3},
	Pages = {315--350},
	Title = {Does Grammaticalization Need Reanalysis?},
	Volume = {20},
	Year = {1998}}

@article{haspelmath99why,
	Author = {Haspelmath, Martin},
	Journal = {Linguistics},
	Number = {6},
	Pages = {1043--1068},
	Title = {Why is Grammaticalization Irreversible?},
	Volume = {37},
	Year = {1999}}

@book{hawkin88brief,
	Author = {Hawkin, Stephen},
	Title = {A Brief History of Time. From the Big Bang to Black Holes},
	Publisher = {Bantam Books},
	Address = {London},
	Year = {1988},
	Note = {Introduction by Carl Sagan}}

@article{hauser02faculty,
	Author = {Hauser, Marc D. and Chomsky, Noam and Fitch, W. Tecumseh},
	Journal = {Science},
	Month = {11},
	Pages = {1569--1579},
	Title = {The Faculty of Language: What Is It, Who Has It, and How Did It Evolve?},
	Volume = {298},
	Year = {2002}}

@article{healy02graphical,
	Author = {Healy, P. and Swoboda, M. and Katagiri, I.},
	Journal = {International Journal of Human-Computer Studies},
	Pages = {375--395},
	Title = {Graphical Representation in Graphical Dialogue},
	Volume = {57},
	Year = {2002}}

@book{hickmann06space,
	Address = {Amsterdam},
	Editor = {Hickmann, Maya and Robert, St{\'e}phane},
	Publisher = {John Benjamins},
	Series = {Typological Studies in Language 66},
	Title = {Space in Languages},
	Year = {2006}}

@book{heine91grammaticalization,
	Address = {Chicago},
	Author = {Heine, Bernd and Claudi, Ulrike and H\"{u}nnemeyer, Friederike},
	Publisher = {University of Chicago Press},
	Title = {Grammaticalization: A Conceptual Framework},
	Year = {1991}}

@book{hock91principles,
	Address = {Berlin},
	Author = {Hock, H.H.},
	Publisher = {Mouton de Gruyter},
	Title = {Principles of Historical Linguistics},
	Year = {1991}}

@book{heine97cognitive,
	Author = {Heine, Bernd},
	Title = {The Cognitive Foundations of Grammar},
	Publisher = {Oxford University Press},
	Address = {Oxford},
	Year = {1997}}

@inproceedings{hoffmann05vision,
	Address = {Lisbon, Portugal},
	Author = {Hoffmann, Jan and J{\"u}ngel, Matthias and L{\"o}tzsch, Martin},
	Booktitle = {RoboCup 2004: Robot Soccer World Cup VIII},
	Editor = {Nardi, Daniele and Riedmiller, Martin and Sammut, Claude and Santos-Victor, Jos{\'e}},
	Pages = {418--425},
	Publisher = {Springer},
	Series = {Lecture Notes in Artificial Intelligence},
	Title = {A Vision Based System for Goal-Directed Obstacle Avoidance},
	Volume = {3276},
	Year = {2005}}

@inproceedings{hoefler08reanalysis,
	Author = {Hoefler, Stefan and Smith, Andrew D.M.},
	Title = {Reanalysis vs Metaphor: What Grammaticalisation CAN Tell Us About Language Evolution},
	Booktitle = {The Evolution of Language. Proceedings of the 7th International Conference (EVOLANG 7)},
	Editor = {Smith, Andrew D.M. and Smith, Kenny and Ferrer i Cancho, Ramon},
	Address = {Singapore},
	Publisher = {World Scientific Press},
	Pages = {34--41},
	Year = {2008}}

@article{hopper87emergent,
	Author = {Hopper, Paul},
	Journal = {BLC},
	Pages = {139--157},
	Title = {Emergent Grammar},
	Volume = {13},
	Year = {1987}}

@incollection{Hopper:1991,
	Author = {Hopper, Paul},
	Title = {Emergent Grammar},
	Editor = {Traugott, E. and Heine, B.},
	Booktitle = {Approaches to Grammaticalization},
	Publisher = {John Benjamins},
	Address = {Amsterdam},
	Year = {1991}}

@book{hopper93grammaticalization,
	Author = {Hopper, Paul and Traugott, Elizabeth},
	Title = {Grammaticalization},
	Address = {Cambridge},
	Publisher = {Cambridge University Press},
	Year = {1993}}

@book{horn89natural,
	Address = {Chicago},
	Author = {Horn, L.R.},
	Publisher = {Chicago University Press},
	Title = {A Natural History of Negation},
	Year = {1989}}

@book{howe96personal,
	Author = {Howe, Stephen},
	Title = {The Personal Pronouns in the Germanic Languages. A Study of Personal Pronoun Morphology and Change in the Germanic Languages from the first Records to the Present Day},
	Series = {Studia Germanistica Germanica 43},
	Address = {Berlin},
	Year = {1996},
	Publisher = {{d}e Gruyter}}

@book{hull01science,
	Address = {Cambridge},
	Author = {Hull, David},
	Publisher = {Cambridge University Press},
	Title = {Science and Selection: Essays on Biological Evolution and the Philosophy of Science},
	Year = {2001}}

@book{hull88science,
	Address = {Chicago},
	Author = {Hull, David},
	Publisher = {Chicago University Press},
	Title = {Science as a Process: An Evolutionary Account of the Social and Conceptual Development of Science},
	Year = {1988}}

@book{hurford97approaches,
	Address = {Edinburgh},
	Editor = {Hurford, James R. and Studdert-Kennedy, Michael and Knight, Chris},
	Publisher = {Edinburgh University Press},
	Title = {Approaches to the Evolution of Language: Social and Cognitive Bases},
	Year = {1998}}

@article{hurford89biological,
	Author = {Hurford, James},
	Journal = {Lingua},
	Number = {2},
	Pages = {187--222},
	Title = {Biological Evolution of the Saussurean Sign as a Component of the Language Acquisition Device},
	Volume = {77},
	Year = {1989}}

@article{iachini03role,
	Author = {Iachini, Tina and Logie, Robert H.},
	Journal = {Applied Cognitive Psychology},
	Number = {6},
	Pages = {715--732},
	Title = {The Role of Perspective in Locating Position in a Real-World, Unfamiliar Environment},
	Volume = {17},
	Year = {2003}}

@incollection{iggeson05case,
   Author = {Iggesen, Oliver A.},
   Title = {Number of Cases},
   Pages = {202--205},
	Booktitle = {The World Atlas of Language Structures},
	Editor = {Haspelmath, Martin and Dryer, Matthew S. and Gil, David and Comrie, Bernard},
	Publisher = {Oxford University Press},
	Year = {2005}}


@inproceedings{ikegamiIizuka:2003,
	Author = {Ikegami, T. and Iizuka, H.},
	Year = {2003}, 
	Title = {Joint Attention and Dynamics Repertoire in Coupled Dynamical Recognizers},
	Booktitle = {Simulation of Adaptive Behavior Conference}}

@inproceedings{imai01physical,
	Author = {Imai, Michita and Ono, Tetsuo and Ishiguro, Hiroshi},
	Booktitle = {Proceedings of the 10th IEEE International Workshop on Robot and Human Communication},
	Title = {Physical Relation and Expression: Joint Attention for Human-Robot Interaction},
	Year = {2001}}

@inproceedings{ingria90limits,
	Author = {Ingria, R.J.P.},
	Year = {1990},
	Title = {The Limits of Unification},
	Booktitle = {Proceedings of the 28th Annual Meeting of the {ACL}},
	Pages = {194--204}}

@book{iwata08locative,
	Author = {Iwata, Seizi},
	Year = {2008},
	Title = {Locative Alternation: A Lexical-Constructional Approach},
	Publisher = {John Benjamins},
	Address = {Amsterdam},
	Series = {Constructional Approaches to Language},
	Volume = {6}}

@book{jackendoff02foundations,
	Address = {Oxford},
	Author = {Jackendoff, Ray},
	Publisher = {Oxford University Press},
	Title = {Foundations of Language: Brain, Meaning, Grammar, Evolution},
	Year = {2002}}

@article{jackendoff05nature,
	Author = {Jackendoff, Ray and Pinker, Steven},
	Journal = {Cognition},
	Title = {The Nature of the Language Faculty and its Implications for the Evolution of Language (Reply to {F}itch, {H}auser, \& {C}homsky)},
	Volume = {97},
	Number = {2},
	Pages = {211--225},
	Year = {2005}}

@book{jackendoff90semantic,
	Address = {Cambridge, MA},
	Author = {Jackendoff, Ray},
	Publisher = {MIT Press},
	Title = {Semantic Structures},
	Year = {1990}}

@book{jackendoff97architecture,
	Address = {Cambridge MA},
	Author = {Jackendoff, Ray},
	Publisher = {MIT Press},
	Series = {Linguistic Inquiry Monograph},
	Volume = {28},
	Title = {The Architecture of the Language Faculty},
	Year = {1997}}

@article{jaeger07case,
   Author = {J\"{a}ger, Gerhard},
   Title = {Evolutionary Game Theory and Typology: A Case Study},
   Journal = {Language},
   Volume = {83},
   Number = {1},
   Year = {2007},
   Pages = {74--109}}

@book{jacobs70readings,
	Address = {Waltham, MA},
	Editor = {Jacobs, R.A. and Rosenbaum, P.S.},
	Publisher = {Ginn},
	Title = {Readings in {E}nglish Transformational Grammar},
	Year = {1970}}

@book{jespersen17negation,
	Address = {Copenhagen},
	Author = {Jespersen, Otto},
	Publisher = {Munksgaard},
	Title = {Negation in {E}nglish and Other Languages},
	Year = {1917}}

@inproceedings{juengel04real-time,
	Address = {Padova, Italy},
	Author = {J{\"u}ngel, Matthias and Hoffmann, Jan and L{\"o}tzsch, Martin},
	Booktitle = {RoboCup 2003: Robot Soccer World Cup VII},
	Editor = {Polani, Daniel and Browning, Brett and Bonarini, Andrea},
	Pages = {214--225},
	Publisher = {Springer},
	Series = {Lecture Notes in Artificial Intelligence},
	Title = {A Real-Time Auto-Adjusting Vision System for Robotic Soccer},
	Volume = {3020},
	Year = {2004}}

@book{jung89paez,
	Address = {Osnabr{\"u}ck},
	Author = {Jung, Ingrid},
	Publisher = {University of Osnabr{\"u}ck},
	Title = {Grammatik des Paez. Ein Abriss. PhD Thesis.},
	Year = {1989}}

@book{jurafsky00speech,
	Address = {New Jersey},
	Author = {Jurafsky, Daniel and Martin, James H.},
	Publisher = {Prentice Hall},
	Title = {Speech and Language Processing. An Introduction to Natural Language Processing, Computational Linguistics, and Speech Recognition},
	Year = {2000}}

@book{kailuweit04semantische,
	Address = {T{\"u}bingen},
	Editor = {Kailuweit, Rolf and Hummel, Martin},
	Publisher = {Narr},
	Title = {Semantische Rollen},
	Year = {2004}}

@article{kaplan02robotic,
	Author = {Kaplan, Fr{\'e}d{\'e}ric and Oudeyer, Pierre-Yves and Kubinyi, Enik{\"o} and Mikl{\'o}si, Ad{\'a}m},
	Journal = {Robotics and Autonomous Systems},
	Number = {3-4},
	Pages = {197--206},
	Title = {Robotic Clicker Training},
	Volume = {38},
	Year = {2002}}

@inproceedings{kaplan04challenges,
	Address = {Genoa, Italy},
	Author = {Kaplan, Fr{\'e}d{\'e}ric and Hafner, Verena},
	Booktitle = {Proceedings of the 4th International Workshop on Epigenetic Robotics: Modeling Cognitive Development in Robotic System},
	Editor = {Prince, Christopher G. and Berthouze et al, Luc and Kozima, Hideki and Bullock, Daniel and Stojanov, Georgi and Balkenius, Christian},
	Month = {August},
	Pages = {67--74},
	Series = {Lund University Cognitive Studies},
	Title = {The Challenges of Joint Attention},
	Volume = {117},
	Year = {2004}}

@incollection{kaplan04maximizing,
	Author = {Kaplan, Fr{\'e}d{\'e}ric and Oudeyer, Pierre-Yves},
	Booktitle = {Embodied Artificial Intelligence},
	Editor = {Lida, F. and Pfeifer, R. and Steels, Luc and Kuniyoshi, Y.},
	Pages = {259--270},
	Publisher = {Springer},
	Series = {Lecture Notes In Artificial Intelligence},
	Title = {Maximizing learning progress: an internal reward system for development},
	Volume = {3139},
	Year = {2004}}

@article{Kaplan:2005,
	Author = {Kaplan, F.},
	Year = {2005},
	Title = {Simple Models of Distributed Co-Ordination}, 
	Journal = {Connection Science}, 
	Volume = {17},
	Number = {3-4},
	Pages = {249--270}}

@article{kaplan06challenges,
	Author = {Kaplan, Fr{\'e}d{\'e}ric and Haffner, Verena V.},
	Journal = {Interaction Studies},
	Number = {2},
	Pages = {129--134},
	Title = {The Challenges of Joint Attention},
	Volume = {7},
	Year = {2006}}

@inproceedings{kaplan98architecture,
	Author = {Kaplan, Fr{\'e}d{\'e}ric and McIntyre, Angus and Steels, Luc},
	Booktitle = {Proceedings of Sony Research Forum 1998},
	Title = {An Architecture for Evolving Robust Shared Communication Systems in Noisy Environments},
	Year = {1998}}

@incollection{Kaplan82Bresnan,
	Address = {Cambridge, MA},
	Author = {Ronald M. Kaplan and Joan Bresnan},
	Booktitle = {The Mental Representation of Grammatical Relations},
	Date-Modified = {2007-04-01 17:27:41 +0200},
	Editor = {Joan Bresnan},
	Note = {Reprinted in Mary Dalrymple, Ronald M. Kaplan, John Maxwell, and Annie Zaenen, eds., {\em Formal Issues in Lexical-Functional Grammar}, 29--130. Stanford: CSLI Publications. 1995.},
	Pages = {173--281},
	Publisher = {The MIT Press},
	Title = {{L}exical-{F}unctional {G}rammar: A formal system for grammatical representation},
	Year = 1982
}

@inproceedings{karttunen84features,
	Author = {Karttunen, L.},
	Title = {Features and Values},
	Booktitle = {Proceedings of the 10th International Conference on Computational Linguistics},
	Address = {Stanford},
	Year = {1984}}

@inproceedings{kathol95,
	Author = {Kathol, Andreas and Pollard, Carl},
	Title = {Extraposition via Complex Domain Formation},
	Booktitle = {Proceedings of the 33rd Annual Meeting of the {Association for Computational Linguistics}},
	Year = {1995},
	Address = {Cambridge, MA},
	Publisher = {Association for Computational Linguistics},
	Pages = {174--180}}

@book{kathol04linear,
	Author = {Kathol, Andreas},
	Title = {Linear Syntax},
	Year = {2004},
	Address = {Oxford},
	Publisher = {Oxford University Press}}

@inproceedings{kay79functional,
	Author = {Kay, Martin},
	URL = {http://www.stanford.edu/class/linguist289/kay79.pdf},
	Title = {Functional Grammar},
	Booktitle = {Proceedings of the {Berkeley Linguistics Society}},
	Publisher = {Berkeley Linguistics Society},
	Address = {Berkeley, CA},
	Year = {1979},
	Pages = {142--158}}

@incollection{kay05argument,
	Author = {Kay, Paul},
	Title = {Argument Structure Constructions and the Argument-Adjunt Distinction},
	Editor = {Fried, Miriam and Boas, Hans C.},
	Booktitle = {Grammatical Constructions: Back to the Roots},
	Publisher = {John Benjamins},
	Address = {Amsterdam},
	Pages = {71--98},
	Year = {2005}}

@article{kay99grammatical,
	Author = {Kay, Paul and Fillmore, Charles J.},
	Journal = {Language},
	Pages = {1--33},
	Title = {Grammatical Constructions and Linguistic Generalizations: The What's X Doing Y? Construction},
	Volume = {75},
	Year = {1999}}

@article{Ke:2002,
	Author = {Ke, J. and Minett, J. and Au, C.-P. and Wang, W.},
	Year = {2002}, 
	Title = {Self-organization and selection in the emergence of vocabulary}, 
	Journal = {Complexity}, 
	Volume = {7},
	Number = {3},
	Pages = {41--54}} 

@article{keenan77noun,
	Author = {Keenan, E. and Comrie, B.},
	Title = {Noun Phrase Accessibility and Universal Grammar},
	Journal = {Linguistic Inquiry},
	Volume = {8},
	Number = {1},
	Pages = {63--99},
	Year = {1977}}

@book{keller94invisible,
	Author = {Keller, Roy},
	Title = {On Language Change: The Invisible Hand in Language},
	Publisher = {Routledge},
	Year = {1994},
	Address = {London}}

@article{keuleers07memory,
	Author = {Keuleers, Emmanuel and Daelemans, Walter},
	Title = {Memory-Based Learning Models of Inflectional Morphology: a Methodological Case Study},
	Journal = {Lingue e Linguaggio},
	Volume = {6},
	Number = {2},
	Year = {2007},
	ages = {151--174}} 

@book{king69historical,
	Address = {New York},
	Author = {King, Robert D.},
	Publisher = {Prentice Hall},
	Title = {Historical Linguistics and Generative Grammar},
	Year = {1969}}

@book{kirby99function,
   Author = {Kirby, Simon},
   Title = {Function, Selection, and Innateness: The Emergence of Language Universals},
   Year = {1999},
   Address = {Oxford},
   Publisher = {OUP}}

@incollection{kirby00syntax,
	Address = {Cambridge},
	Author = {Kirby, Simon},
	Booktitle = {The Evolutionary Emergence of Language: Social Function and the Origins of Linguistic Form},
	Editor = {Knight, Chris and Hurford, James and Studdert-Kennedy, Michael},
	Pages = {303--323},
	Publisher = {Cambridge University Press},
	Title = {Syntax without Natural Selection: How Compositionality Emerges from Vocabulary in a Population of Learners},
	Year = {2000}}

@article{kirby01spontaneous,
	Author = {Kirby, Simon},
	Journal = {IEEE Transactions on Evolutionary Computation},
	Number = {2},
	Pages = {102--110},
	Title = {Spontaneous Evolution of Linguistic Structure: An Iterated Learning Model of the Emergence of Regularity and Irregularity},
	Volume = {5},
	Year = {2001}}

@incollection{kirby02emergence,
	Address = {London},
	Author = {Kirby, Simon and Hurford, James},
	Booktitle = {Simulating the Evolution of Language},
	Editor = {Cangelosi, Angelo and Parisi, Domenico},
	Pages = {121--148},
	Publisher = {Springer Verlag},
	Title = {The Emergence of Linguistic Structure: An Overview of the Iterated Learning Model},
	Year = {2002}}

@incollection{kirby03language,
	Author = {Christiansen, M. and Kirby, S.},
	Title = {Language Evolution: The Hardest Problem in Science?},
	Booktitle = {Language Evolution},
	Pages = {1--15},
	Editor = {Christiansen, M. and Kirby, S.},
	Address = {Oxford},
	Publisher = {Oxford University Press},
	Year = {2003}}

@article{kirby04from,
	Author = {Kirby, Simon and Smith, Kenny and Brighton, Henry},
	Journal = {Studies in Language},
	Number = {3},
	Pages = {587--607},
	Title = {From {UG} to Universals: Linguistic Adaptation through Iterated Learning},
	Volume = {28},
	Year = {2004}}

@article{kirby08cumulative,
	Author = {Kirby, Simon and Cornish, Hannah and Smith, Kenny},
	Title = {Cumulative Cultural Evolution in the Laboratory: An Experimental Approach to the Origins of Structure in Human Language},
	Journal = {Proceedings of the National Academy of Sciences},
	Month = {August},
	Volume = {105},
	Number = {31},
	Pages = {10681--10686},
	Year = {2008}}
	
@incollection{kirby02learning,
	Author = {Kirby, Simon},
	Title = {Learning, Bottlenecks and the Evolution of Recursive Syntax},
	Editor = {Briscoe, Ted},
	Booktitle = {Linguistic Evolution through Language Acquisition: Formal and Computational Models},
	Address = {Cambridge},
	Publisher = {Cambridge University Press},
	Year = {2002},
	Pages = {173-204}}

@inproceedings{kirby99syntax,
	Author = {Kirby, Simon},
	Title = {Syntax out of Learning: The Cultural Evolution of Structured Communication in a Population of Induction Algorithms},
	Editor = {Floreano, D. and Nicoud, J.D. and Mondada, F.},
	Booktitle = {Advances in Artificial Life: Proceedings of the 5th European Conference on Artificial Life},
	Publisher = {Springer},
	Address = {Berlin},
	Year = {1999},
	Pages = {694--703}}

@inproceedings{kitano97robocup,
	Address = {New York},
	Author = {Kitano, Hiroaki and Asada, Minoru and Kuniyoshi, Yasuo and Noda, Itsuki and Osawa, Eiichi},
	Booktitle = {Proceedings of the First International Conference on Autonomous Agents (Agents'97)},
	Editor = {Johnson, W. Lewis and Hayes-Roth, Barbara},
	Pages = {340--347},
	Publisher = {ACM Press},
	Title = {{RoboCup}: The Robot World Cup Initiative},
	Year = {1997}}

@article{knight89unification,
	Title = {Unification: A Multidisciplinary Survey},
	Author = {Knight, Kevin},
	Journal = {{ACM} Computing Surveys},
	Volume = {21},
	Issue = {1},
	Pages = {93--124},
	url = {http://www.stanford.edu/class/linguist289/unification-knight.pdf},
	Year = {1989}}

@book{knight00evolutionary,
	Address = {Cambridge},
	Editor = {Knight, Chris and Hurford, James and Studdert-Kennedy, Michael},
	Publisher = {Cambridge University Press},
	Title = {The Evolutionary Emergence of Language: Social Function and the Origins of Linguistic Form},
	Year = {2000}}

@inproceedings{komarova06population,
	Author = {Komarova, Natalia L.},
	Title = {Population Dynamics of Human Language: A Complex System},
	Booktitle = {Frontiers of Engineering: Reports on Leading-Edge Engineering from the 2005 Symposium},
	Publisher = {The National Academy Press},
	Pages = {89--98},
	Year = {2006}}

@article{kosko88bidirectional,
	Author = {Kosko, Bart},
	Journal = {IEEE Transactions on Systems, Man and Cybernetics},
	Number = {1},
	Pages = {49--60},
	Title = {Bidirectional Associative Memories},
	Volume = {18},
	Year = {1988}}

@book{kosslyn81image,
	Address = {Cambridge},
	Author = {Kosslyn, Stephen M.},
	Publisher = {Harvard University Press},
	Title = {Image and Mind},
	Year = {1981}}

@inproceedings{kozima01robot,
	Author = {Kozima, Hideki and Yano, Hiroyuki},
	Booktitle = {Proceedings of the First International Workshop on Epigenetic Robotics: Modeling Cognitive Development in Robotic Systems},
	Editor = {Balkenius et al, Christian},
	Series = {Lund University Cognitive Studies},
	Title = {A Robot that Learns to Communicate with Human Caregivers},
	Volume = {85},
	Year = {2001}}

@book{kuiper96smooth,
	Author = {Kuiper, Koenraad},
	Title = {Smooth Talkers: The Linguistic Performance of Auctioneers and Sportscasters},
	Year = {1996},
	Address = {Mahwah, NJ},
	Publisher = {Erlbaum}}

@inproceedings{kuniyoshi93qualitative,
	Address = {San Mateo, CA},
	Author = {Kuniyoshi, Yasuo and Inoue, Hirochika},
	Booktitle = {Proceedings of the Thirteenth International Joint Conference on Artificial Intelligence},
	Pages = {1600--1609},
	Title = {Qualitative Recognition of Ongoing Human Action Sequences},
	Year = {1993}}

@incollection{kulikov09case,
  Author = {Kulikov, L.I.},
  Title = {Evolution of Case Systems},
  Editor = {Malchukov, A. and Spencer, A.},
  Booktitle = {The {O}xford Handbook of Case},
  Address = {Oxford},
  Publisher = {OUP},
  Pages = {439--457},
  Year = {2009}}

@book{kuno73japanese,
	Address = {Cambridge, MA},
	Author = {Kuno, Susumo},
	Publisher = {MIT Press},
	Title = {The Structure of the Japanese Language},
	Year = {1973}}

@book{labov00principles,
	Address = {Oxford},
	Author = {Labov, William},
	Publisher = {Basil Blackwell},
	Title = {Principles of Linguistic Change. Volume 2: Social Factors},
	Year = {2000}}

@book{labov94principles,
	Address = {Oxford},
	Author = {Labov, William},
	Publisher = {Basil Blackwell},
	Title = {Principles of Linguistic Change. Volume 1: Internal Factors},
	Year = {1994}}

@incollection{lakoff74dialogue,
	Address = {the Hague},
	Author = {Lakoff, George},
	Booktitle = {Discussing Language},
	Editor = {Parret, H.},
	Pages = {151--178},
	Publisher = {Mouton},
	Title = {Dialogue with {H}. {P}arret},
	Year = {1974}}

@book{lakoff87woman,
	Address = {Chicago},
	Author = {Lakoff, George},
	Publisher = {The University of Chicago Press},
	Title = {Women, Fire, and Dangerous Things: What Categories Reveal about the Mind},
	Year = {1987}}

@book{lambrecht94information,
	Address = {Cambridge},
	Author = {Lambrecht, Knud},
	Publisher = {Cambridge University Press},
	Series = {Cambridge Studies in Linguistics 71},
	Title = {Information Structure and Sentence Form: Topic, Focus, and the Mental Representation of Discourse Referents},
	Year = {1994}}

@article{landau93space,
	Author = {Landau, Barbara and Jackendoff, Ray},
	Journal = {Behavioural and Brain Sciences},
	Pages = {217--238},
	Title = {`{W}hat' and 'Where' in Spatial Language and Spatial Cognition},
	Volume = {16},
	Year = {1993}}

@incollection{langacker00dynamic,
	Address = {Chicago},
	Author = {Langacker, Ronald W.},
	Booktitle = {Usage-Based Models of Language},
	Editor = {Barlow, Michael and Kemmer, Suzanne},
	Pages = {1--63},
	Publisher = {Chicago University Press},
	Title = {A Dynamic Usage-Based Model},
	Year = {2000}}

@incollection{langacker77syntactic,
	Address = {Austin},
	Author = {Langacker, Ronald W.},
	Booktitle = {Mechanisms of Syntactic Change},
	Editor = {Li, C.N.},
	Pages = {59--139},
	Publisher = {University of Texas Press},
	Title = {Syntactic Reanalysis},
	Year = {1977}}

@book{langacker87foundations,
	Address = {Stanford},
	Author = {Langacker, Ronald W.},
	Publisher = {Stanford University Press},
	Title = {Foundations of Cognitive Grammar. Volume 1},
	Year = {1987}}

@book{langacker91concept,
	Address = {Berlin},
	Author = {Langacker, Ronald W.},
	Publisher = {Mouton de Gruyter},
	Series = {Cognitive Linguistics Research 1},
	Title = {Concept, Image, and Symbol: the Cognitive Basis of Grammar},
	Year = {1991}}

@book{langacker91foundations,
	Address = {Stanford},
	Author = {Langacker, Ronald W.},
	Publisher = {Stanford University Press},
	Title = {Foundations of Cognitive Grammar. Volume 2: Descriptive Application},
	Year = {1991}}

@article{leech00grammars,
	Author = {Leech, L.},
	Title = {Grammars of spoken {E}nglish: New Outcomes of Corpus-Oriented Research},
	Journal = {Language Learning},
	Year = {2000},
	Volume = {50},
	Pages = {675--724}}

@book{lehman68directions,
	Address = {Austin},
	Editor = {Lehman, W.P. and Malkiel, Y.},
	Publisher = {University of Texas},
	Title = {Directions for Historical Linguistics: A Symposium},
	Year = {1968}}

@book{levin95unaccusativity,
	Address = {Cambridge, MA},
	Author = {Levin, Beth and Rappaport Hovav, Malka},
	Publisher = {MIT Press},
	Title = {Unaccusativity: At the Syntax-Lexical Semantics Interface},
	Year = {1995}}

@inproceedings{levin99two,
	Author = {Levin, Beth and Rappaport Hovav, Malka},
	Title = {Two Structures for Compositionally Derived Events},
	Address = {Ithaca, NY},
	Booktitle = {Proceedings of SALT 9},
	Pages = {127--144},
	Publisher = {Cornell Linguistics Circle Publications},
	Year = {1999}}

@book{levin05argument,
	Address = {Cambridge},
	Author = {Levin, Beth and Rappaport Hovav, Malka},
	Publisher = {Cambridge University Press},
	Series = {Research Surveys in Linguistics},
	Title = {Argument Realization},
	Year = {2005}}

@InCollection{levine06,
  author = 	 {Levine, Robert D. and Meurers, Walt Detmar},
  title = 	 {{Head-Driven Phrase Structure Grammar}: Linguistic Approach, Formal Foundations, and Computational Realization},
  editor =	 {Keith Brown},
  booktitle = 	 {Encyclopedia of Language and Linguistics. Second Edition},
  publisher = 	 {Elsevier},
  address =	 {Oxford},
  year = 	 {2006}}

@incollection{levine01parasitic,
	Author = {Levine, R. and Hukari, T. and Calcagno, M.},
	Title = {Parasitic Gaps in English: Some Overlooked Cases and Their Theoretical Consequences},
	Editor = {Culicover, Peter W. and Postal, Paul M.},
	Booktitle = {Parasitic Gaps},
	Address = {Cambridge MA},
	Publisher = {MIT Press},
	Year = {2001}}

@book{levinson03space,
	Address = {Cambridge},
	Author = {Levinson, Stephen C.},
	Publisher = {Cambridge University Press},
	Series = {Language, Culture and Cognition 5},
	Title = {Space in Language and Cognition},
	Year = {2003}}

@book{levinson06space,
	Address = {Cambridge},
	Editor = {Levinson, Stephen C. and Wilkins, David},
	Publisher = {Cambridge University Press},
	Series = {Language, Culture and Cognition},
	Title = {Grammars of Space. Explorations in Cognitive Diversity},
	Year = {2006}}

@article{li00recursive,
	Author = {Li, Weihua and Yue, H. Henry and Valle-Cervantes, Sergio and Qin, S. Joe},
	Journal = {Journal of Process Control},
	Number = {5},
	Title = {Recursive {PCA} for Adaptive Process Monitoring},
	Volume = {10},
	Year = {2000}}

@incollection{li76subject,
	Author = {Li, C.N. and Thompson, S.A.},
	Title = {Subject and Topic: A New Typology of Language},
	Booktitle = {Subject and Topic},
	Editor = {Li, C.N.},
	Publisher = {Academic Press},
	Address = {New York},
	Pages = {458--489},
	Year = {1976}} 

@book{li77mechanisms,
	Address = {Austin},
	Editor = {Li, C.N.},
	Publisher = {University of Texas Press},
	Title = {Mechanisms of Syntactic Change},
	Year = {1977}}

@book{lichtenberk83manam,
	Address = {Honolulu},
	Author = {Lichtenberk, Frantisek},
	Publisher = {University of Hawaii Press},
	Series = {Oceanic Linguistics Special Publications 18},
	Title = {A Grammar of Manam},
	Year = {1983}}

@book{lida04embodied,
	Editor = {Lida, F. and Pfeifer, R. and Steels, Luc and Kuniyoshi, Y.},
	Publisher = {Springer},
	Series = {Lecture Notes In Artificial Intelligence},
	Title = {Embodied Artificial Intelligence},
	Volume = {3139},
	Year = {2004}}

@book{lightfoot79principles,
	Address = {Cambridge},
	Author = {Lightfoot, David},
	Publisher = {Cambridge University Press},
	Title = {Principles of Diachronic Syntax},
	Year = {1979}}

@book{lindquist04corpus,
	Address = {Amsterdam},
	Editor = {Lindquist, Hans and Mair, Christian},
	Publisher = {John Benjamins},
	Title = {Corpus Approaches to Grammaticalization in {E}nglish},
	Year = {2004}}

@misc{loetzsch04diplomathesis,
	Author = {L{\"o}tzsch, Martin},
	Howpublished = {Diploma thesis. Humboldt-Universit{\"a}t zu Berlin},
	Note = {Available online: http://www.martin-loetzsch.de/papers/diploma-thesis.pdf},
	Title = {{XABSL} - A Behavior Engineering System for Autonomous Agents},
	Year = {2004}}

@inproceedings{loetzsch04xabsl,
	Address = {Padova, Italy},
	Author = {L{\"o}tzsch, Martin and Bach, Joscha and Burkhard, Hans-Dieter and J{\"u}ngel, Matthias},
	Booktitle = {RoboCup 2003: Robot Soccer World Cup VII},
	Editor = {Polani, Daniel and Browning, Brett and Bonarini, Andrea},
	Pages = {114--124},
	Publisher = {Springer},
	Series = {Lecture Notes in Artificial Intelligence},
	Title = {Designing Agent Behavior with the Extensible Agent Behavior Specification Language {X}{A}{B}{S}{L}},
	Volume = {3020},
	Year = {2004}}

@inproceedings{loetzsch06xabsl,
	Address = {Beijing},
	Author = {Loetzsch, Martin and Risler, Max and J{\"u}ngel, Matthias},
	Booktitle = {Proceedings of the IEEE/RSJ International Conference on Intelligent Robots and Systems (IROS 2006)},
	Month = {October},
	Pages = {5124--5129},
	Title = {XABSL - A Pragmatic Approach to Behavior Engineering},
	Year = {2006}}

@incollection{loetzsch08typological,
	Author = {Loetzsch, Martin and van Trijp, Remi and and Steels, Luc},
	Title = {Typological and Computational Investigations of Spatial Perspective},
	Year = {2008},
	Booktitle = {Modeling Communication with Robots and Virtual Humans},
	Series = {LNCS 4930},
	Pages = {125--142},
	Address = {Berlin},
	Publisher = {Springer},
	Editor = {Wachsmuth, I. and Knoblich, G.}}

@TECHREPORT{loetzsch:08b,
	ADDRESS = {Brussels},
	AUTHOR= {Loetzsch, Martin and Wellens, Pieter and De Beule, Joachim and Bleys, Joris and {van Trijp}, Remi},
	INSTITUTION = {AI-Lab VUB},
	NUMBER = {AI-Memo 01-08},
	TITLE = {The Babel2 Manual},
	YEAR = {2008}}

@inproceedings{looveren00analysis,
	Address = {De Efteling, Kaatsheuvel, the Netherlands},
	Author = {Van Looveren, Joris},
	Booktitle = {Proceedings of the 12th Belgium-Netherlands Conference on Artificial Intelligence (BNAIC '00)},
	Title = {An Analysis of Multiple-Word Naming Games},
	Year = {2000}}

@inproceedings{looveren01robotic,
	Address = {Amsterdam, the Netherlands},
	Author = {Van Looveren, Joris},
	Booktitle = {Proceedings of the 13th Belgium-Netherlands Conference on Artificial Intelligence (BNAIC '01)},
	Title = {Robotic Experiments on the Emergence of a Lexicon},
	Year = {2001}}

@inproceedings{looveren03artificial,
	Address = {Berlin},
	Author = {Van Looveren, Joris},
	Booktitle = {Advances in Artificial Life - Proceedings of the 7th European Conference on Artificial Life (ECAL) 2003},
	Publisher = {Springer Verlag},
	Series = {Lecture Notes in Artificial Intelligence},
	Title = {Artificial Agents and Natural Determiners},
	Volume = {2801},
	Year = {2003}}

@inproceedings{looveren99multiple,
	Address = {Maastricht, the Netherlands},
	Author = {Van Looveren, Joris},
	Booktitle = {Proceedings of the 11th Belgium-Netherlands Conference on Artificial Intelligence (BNAIC '99)},
	Title = {Multiple Word Naming Games},
	Year = {1999}}

@inproceedings{loutfy05maintaining,
	Address = {Edinburgh, Scotland, UK},
	Author = {Loutfy, Amy and Coradeshi, Silvia and Saffiotti, Alessandro},
	Booktitle = {Proceedings of the Nineteenth International Joint Conference on Artificial Intelligence, IJCAI 2005},
	Editor = {Kaelbling, Leslie Pack and Saffiotti, Alessandro},
	Month = {July},
	Publisher = {Professional Book Center},
	Title = {Maintaining Coherent Perceptual Information Using Anchoring},
	Year = {2005}}

@book{lucy92grammatical,
	Address = {Cambridge},
	Author = {Lucy, J.},
	Publisher = {Cambridge University Press},
	Title = {Grammatical Categories and Cognition: A Case Study of the Linguistic Relativity Hypothesis},
	Year = {1992}}

@book{Lyon:2007,
	Editor = {Lyon, Caroline and Nehaniv, Chrystopher L. and Cangelosi, Angelo},
	Publisher = {Springer Verlag},
	Address = {Berlin},
	Series = {Lecture Notes in Computer Science},
	Title = {Emergence of Language and Communication},
	Year = {2007}}

@incollection{malchukov10quirky,
	Author = {Malchukov, A.},
	Title = {``Quirky'' Case: Rare Phenomena in Case-Marking},
	Pages = {139--167},
	Booktitle = {Rethinking Universals: How Rarities Affect Linguistic Theory},
	Publisher = {Mouton De Gruyter},
	Address = {Berlin},
	Editor = {Wohlgemuth, J. and Cysouw, M.},
	Year = {2010}}

@incollection{mair04corpus,
	Address = {Amsterdam},
	Author = {Mair, Christian},
	Booktitle = {Corpus Approaches to Grammaticalization in {E}nglish},
	Editor = {Lindquist, Hans and Mair, Christian},
	Pages = {121--150},
	Publisher = {John Benjamins},
	Title = {Corpus Linguistics and Grammaticalization Theory: Beyond Statistics and Frequency?Corpus linguistics and grammaticalization theory},
	Year = {2004}}

@article{majid04can,
	Author = {Majid, Asifa and Bowerman, Melissa and Kita, Sotaro and Haun, Daniel B.M. and Levinson, Stephen C.},
	Journal = {Trends in Cognitive Sciences},
	Month = {March},
	Number = {3},
	Pages = {108--114},
	Title = {Can Language Restructure Cognition? The Case for Space},
	Volume = {8},
	Year = {2004}}
	
@misc{mapa-espana,
	Author = {Garc\'ia, Alberto},
	Title = {El Blog de Alberto Garc\'ia},
	Year = {2009},
	Month = {Consulted on 27 September},
	Note = {\texttt{http://albertogarcia.files.wordpress.com/}}}

@book{marr82vision,
	Address = {San Francisco},
	Author = {Marr, David},
	Publisher = {Freeman},
	Title = {Vision},
	Year = {1982}}

@article{mauck97mental,
	Author = {Mauck, Bj{\"o}rn and Dehnhardt, Guido},
	Journal = {Journal of Experimental Biology},
	Number = {9},
	Pages = {1309--1316},
	Title = {Mental Rotation in a California Sea Lion (Zalophus Californianus)},
	Volume = {200},
	Year = {1997}}

@article{maynard-smith93origin,
	Author = {Maynard Smith, J. and Szathm{\'a}ry, Eors},
	Journal = {Journal of Theoretical Biology},
	Pages = {437--446},
	Title = {The Origin of Chromosomes I. Selection for Linkage.},
	Volume = {163},
	Year = {1993}}

@book{maynard-smith95major,
	Author = {Maynard-Smith, John and Szathm{\'a}ry, E{\"o}rs},
	Publisher = {Freeman},
	Title = {The Major Transitions in Evolution},
	Year = {1995}}

@article{mcclelland09place,
	Author = {McClelland, James L.},
	Title = {The Place of Modeling in Cognitive Science},
	Journal = {Topics in Cognitive Science},
	Year = {2009},
	Volume = {1},
	Pages = {11--38}}

@inproceedings{mcintyre99net-mobile,
	Author = {McIntyre, Angus and Steels, Luc and Kaplan, Fr{\'e}d{\'e}ric},
	Booktitle = {Proceedings of Sony Research Forum 1999},
	Title = {Net-mobile embodied agents},
	Year = {1999}}

@book{mendoza05cognition,
	Address = {Berlin},
	Editor = {Ruiz de Mendoza Ibanez, F. and Pena Cervel, M.S.},
	Publisher = {Mouton De Gruyter},
	Title = {Cognitive Linguistics: Internal Dynamics and Interdisciplinary Interaction},
	Year = {2005}}

@inproceedings{metta01sensorimotor,
	Author = {Metta, Giorgio and Sandini, Giulio and Natale, Lorenzo and Panerai, Francesco},
	Booktitle = {Proceedings of the First International Workshop on Epigenetic Robotics: Modeling Cognitive Development in Robotic Systems},
	Editor = {Balkenius et al, Christian},
	Series = {Lund University Cognitive Studies},
	Title = {Sensorimotor Interaction in a Developing Robot},
	Volume = {85},
	Year = {2001}}

@incollection{michaelis03headless,
	Address = {Stanford},
	Author = {Michaelis, Laura A.},
	Booktitle = {Mismatch: Form-Function Incongruity and the Architecture of Grammar},
	Editor = {Francis, E.J. and Michaelis, L.A.},
	Pages = {259--310},
	Publisher = {CSLI Publications},
	Title = {Headless Constructions and Coercion by Construction},
	Year = {2003}}

@incollection{michaelis05entity,
	Address = {Amsterdam},
	Author = {Michaelis, Laura A.},
	Booktitle = {Construction Grammar(s): Cognitive Grounding and Theoretical Extensions},
	Editor = {\"Ostman, J.-O. and Fried, M.},
	Pages = {45--87},
	Publisher = {John Benjamins},
	Series = {Constructional Approaches to Language},
	Title = {Entity and Event Coercion in a Symbolic Theory of Syntax},
	Volume = {3},
	Year = {2005}}

@inproceedings{michaelis06complementation,
	Address = {Berkeley},
	Author = {Michaelis, Laura A.},
	Booktitle = {Proceedings of the Thirty-Second Annual Meeting of the Berkeley Linguistics Society},
	Editor = {Hauser, Marc},
	Publisher = {BLS},
	Title = {Complementation by Construction},
	Year = {2012}}
	
@incollection{michaelis-sbcg,
	Author = {Michaelis, Laura A.},
	Title = {Sign-Based Construction Grammar},
	Booktitle = {The Oxford Handbook of Linguistic Analysis},
	Address = {Oxford},
	Publisher = {Oxford University Press},
	Editor = {Heine, B. and Narrog, H.},
	Pages = {155--176},
	Year = {in press}}	

@inproceedings{micelli09framing,
	Author = {Micelli, Vanessa and {van Trijp}, Remi and {D}e Beule, Joachim},
	Title = {Framing Fluid Construction Grammar},
	Booktitle = {Proceedings of the 31th Annual Conference of the Cognitive Science Society},
	Editor = {Taatgen, N.A. and {van Rijn}, H.},
	Publisher = {Cognitive Science Society},
	Year = {2009}}

@book{MinettWang:2005,
	Author = {Minett, J. W. and Wang, W. S-Y.},
	Year = {2005} ,
	Title = {Language Acquisition, Change and Emergence: Essays in Evolutionary Linguistics},
	Publisher = {City University of Hong Kong Press},
	Address = {Hong Kong}}

@book{minsky86society,
	Address = {New York},
	Author = {Minsky, Marvin},
	Publisher = {Simon and Schuster},
	Title = {The Society of Mind},
	Year = {1986}}

@book{mitchell97machine,
	Author = {Mitchell, Tom M.},
	Publisher = {WCB/McGraw-Hill},
	Series = {McGraw-Hill Series in Computer Science},
	Title = {Machine Learning},
	Year = {1997}}

@article{mithun05beyond,
	Author = {Mithun, Marianne},
	Title = {Beyond the Core: Typological Variation in the Identification of Participants},
	Journal = {International Journal of Linguistics},
	Pages = {445--472},
	Month = {October},
	Volume = {71},
	Number = {4},
	Year = {2005}}
	
@incollection{mithun91role,
	Address = {Amsterdam},
	Author = {Mithun, Marianne},
	Booktitle = {Approaches to Grammaticalization},
	Editor = {Traugott, Elizabeth Closs and Heine, Bernd},
	Pages = {159--185},
	Publisher = {John Benjamins},
	Series = {Typological Studies in Language 19},
	Title = {The Role of Motivation in the Emergence of Grammatical Categories: The Grammaticalization of Subjects},
	Volume = {2},
	Year = {1991}}

@book{moore73cognitive,
	Address = {New York},
	Editor = {Moore, T.E.},
	Publisher = {Academic Press},
	Title = {Cognitive Development and the Acquisition of Language},
	Year = {1973}}

@book{moore95jointattention,
	Address = {Hillsdale, NJ},
	Editor = {Moore, Chris and Dunham, Philip J.},
	Publisher = {Lawrence Erlbaum Associates},
	Title = {Joint Attention: Its Origins and Role in Development},
	Year = {1995}}

@book{moshinsky74pomo,
	Address = {Los Angeles},
	Author = {Moshinsky, Julius},
	Publisher = {University of California Press},
	Title = {A Grammar of Southeastern Pomo},
	Year = {1974}}

@book{mous92iraqw,
	Address = {Leiden},
	Author = {Mous, Maarten},
	Publisher = {Rijksuniversiteit Leiden},
	Title = {A Grammar ofd Iraqw. PhD Thesis.},
	Year = {1992}}

@inproceedings{moy03modelling,
	Author = {Moy, Joanna and Manandhar, Suresh},
	Title = {Modelling the Emergence of Case},
	Booktitle = {Proceedings of Language Evolution and Computation Workshop at ESSLLI},
	Pages = {42--51},
	Editor = {Kirby, Simon},
	Year = {2003}}

@phdthesis{moy06case,
	Author = {Moy, Joanna},
	School = {University of York},
	Address = {York},
	Title = {Word Order and Case in Models of Simulated Language Evolution},
	Year = {2006}}

@book{muggleton99machine,
	Address = {Oxford},
	Editor = {Muggleton, Stephen},
	Publisher = {Oxford University Press},
	Title = {Machine Intelligence 15},
	Year = {1999}}

@book{Mueller13hpsg,
  author      =	{Stefan M{\"u}ller},
  title	      =	{{Head-Driven Phrase Structure Grammar: Eine Einf{\"u}hrung}},
  edition     = {3},
  url         = {http://hpsg.fu-berlin.de/~stefan/Pub/hpsg-lehrbuch.html},
  url_checked =	{26.02.2008},
  series      = {Stauffenburg Einf{\"u}hrungen},
  number      = 17,
  publisher   =	{Stauffenburg Verlag},
  address     =	{T{\"u}bingen},
  year	      =	{2013}
}

@incollection{muller01case,
	Author = {M\"{u}ller, Stefan},
	Title = {Case in German -- Towards and {HPSG} Analysis},
	Editor = {Kiss, Tibor and Meurers, Detmar},
	Booktitle = {Constraint-Based Approaches to Germanic Syntax},
	Address = {Stanford},
	Year = {2001},
	Publisher = {CSLI}}

@inproceedings{nagai02developmental,
	Author = {Nagai, Yukie and Asada, Minoru and Hosoda, Koh},
	Booktitle = {Proceedings of the 2nd International Conference on Development and Learning (ICDL'02)},
	Month = {June},
	Pages = {277--282},
	Title = {A Developmental Approach Accelerates Learning of Joint Attention},
	Year = {2002}}

@article{nagai03constructive,
	Author = {Nagai, Yukie and Hosada, Koh and Morita, Akio and Asada, Minoru},
	Journal = {Connection Science},
	Month = {December},
	Number = {4},
	Pages = {211--229},
	Title = {A constructive model for the development of joint attention},
	Volume = {15},
	Year = {2003}}

@inproceedings{nakano98translating,
	Author = {Nakano, Mikio and Shimazy, Akira},
	Title = {Translating a Unification Grammar with Disjunctions into Logical Constraints},
	Booktitle = {Proceedings of the 17th international conference on Computational linguistics},
	Publisher = {{ACL}},
	Year = {1998},
	Address = {Morristown, NJ},
	Pages = {934--938}}

@book{nedergaard05different,
	Address = {Amsterdam},
	Editor = {Nedergaard Thomsen, Ole},
	Note = {To appear},
	Publisher = {John Benjamins},
	Title = {Different Models of Linguistic Change},
	Year = {2004}}

@book{nehaniv99computation,
	Address = {Berlin},
	Editor = {Nehaniv, Chrystopher L.},
	Publisher = {Springer Verlag},
	Series = {Lecture Notes in Artificial Intelligence},
	Title = {Computation for Metaphors, Analogy, and Agents},
	Volume = {1562},
	Year = {1999}}

@article{nemoto98on,
	Author = {Nemoto, Noriko},
	Title = {On the Polysemy of Ditransitive {\em save}: The Role of Frame Semantics in Construction Grammar},
	Journal = {English Linguistics},
	Volume = {15},
	Pages = {219--242},
	Year = {1998}}

@article{newell76computer,
	Author = {Newell, Allen and Simon, Herbert A.},
	Journal = {Communications of the ACM},
	Number = {13},
	Pages = {113--126},
	Title = {Computer Science as Empirical Inquiry: Symbols and Search},
	Volume = {19},
	Year = {1976}}

@incollection{newell80reasoning,
	Author = {Newell, Allen},
	Title = {Reasoning, Problem Solving and Decision Processes: The Problem Space as a Fundamental Category},
	Editor = {Nickerson, R.},
	Booktitle = {Attention and Performance {VIII}},
	Publisher = {Erlbaum},
	Address = {Hillsdale NJ},
	Year = {1980}}
	
@incollection{newell73production,
	Author = {Newell, Allen},
	Title = {Production Systems: Models of Control Structures},
	Editor = {Chase, W.G.},
	Booktitle = {Visual Information Processing},
	Pages = {463--526},
	Address = {New York},
	Publisher = {Academic Press},
	Year = {1973}}

@article{newell80physical,
	Author = {Newell, Allen},
	Journal = {Cognitive Science},
	Pages = {135--183},
	Title = {Physical Symbol Systems},
	Volume = {4},
	Year = {1980}}

@article{newmeyer94note,
	Author = {Newmeyer, Frederick J.},
	Journal = {Journal of Linguistics},
	Pages = {245--251},
	Title = {A Note on {C}homsky on Form and Function},
	Volume = {30},
	Year = {1994}}

@book{nilsson98artificial,
	Address = {San Mateo, California},
	Author = {Nilsson, Nils J.},
	Publisher = {Morgan Kaufmann},
	Title = {Artificial Intelligence: A New Synthesis},
	Year = {1998}}

@book{nivre06inductive,
	Author = {Nivre, Joakim},
	Publisher = {Springer},
	Address = {Berlin},
	Title = {Inductive Dependency Parsing},
	Year = {2006}}

@book{norton1,
	Title = {The Norton Anthology of {E}nglish Literature},
	Editor = {Abrams, M.H. and Greenblatt, S.},
	Address = {London},
	Publisher = {Norton},
	Edition = {7},
	Volume = {1},
	Year = {2000}}

@book{norvig92paradigms,
	Address = {San Francisco},
	Author = {Norvig, Peter},
	Publisher = {Morgan Kauffman},
	Title = {Paradigms of Artificial Intelligence Programming. Case Studies in Common Lisp.},
	Year = {1992}}

@article{nowak01evolution,
	Author = {Nowak, Martin A. and Komarova, Natalia L. and Niyogi, Partha},
	Journal = {Science},
	Pages = {114--118},
	Title = {Evolution of {U}niversal {G}rammar},
	Volume = {291},
	Year = {2001}}

@article{nowak99evolution,
	Author = {Nowak, Martin A. and Krakauer, David C.},
	Journal = {Proceedings of the National Academy of Sciences of the United Stated of America},
	Pages = {8028--8033},
	Title = {The Evolution of Language},
	Volume = {96},
	Number = {14},
	Month = {July},
	Year = {1999}}

@article{nowak99evolutionary,
	Author = {Nowak, Martin A. and Plotkin, Joshua B. and Krakauer, David C.},
	Journal = {Journal of Theoretical Biology},
	Pages = {147--162},
	Title = {The Evolutionary Language Game},
	Volume = {200},
	Year = {1999}}

@article{nurnberg94idioms,
	Author = {Nurnberg, Geoffrey and Sag, Ivan A. and Wasow, Thomas},
	Title = {Idioms},
	Journal = {Language},
	Volume = {70},
	Pages = {491--538},
	Year = {1994}}

@incollection{nuyts05brother,
	Address = {Berlin},
	Author = {Nuyts, Jan},
	Booktitle = {Cognitive Linguistics: Internal Dynamics and Interdisciplinary Interaction},
	Editor = {Ruiz de Mendoza Ibanez, F. and Pena Cervel, M.S.},
	Pages = {69--100},
	Publisher = {Mouton De Gruyter},
	Title = {Brother in Arms? On the Relations Between Cognitive and Functional Linguistics},
	Year = {2005}}

@book{nuyts92aspects,
	Address = {Amsterdam},
	Author = {Nuyts, Jan},
	Publisher = {John Benjamins},
	Title = {Aspects of a Cognitive-Pragmatic Theory of Language. On Cognition, Functionalism, and Grammar},
	Year = {1992}}

@book{ogrady97development,
	Address = {Chicago},
	Author = {O\'Grady, William},
	Publisher = {Chicago University Press},
	Title = {Syntactiv Development},
	Year = {1997}}

@book{oller04evolution,
	Address = {Cambridge, MA},
	Editor = {Oller, D. Kimbrough and Griebel, Ulrike},
	Publisher = {MIT Press},
	Title = {Evolution of Communication Systems: A Comparative Approach},
	Year = {2004}}

@book{ostman05construction,
	Address = {Amsterdam},
	Editor = {{\"O}stman, Jan-Ola and Fried, Mirjam},
	Publisher = {John Benjamins},
	Title = {Construction Grammars: Cognitive Grounding and Theoretical Extensions},
	Year = {2005}}

@article{oudeyer05self-organization,
	Author = {Oudeyer, Pierre-Yves},
	Title = {The Self-Organization of Speech Sounds},
	Journal = {Journal of Theoretical Biology},
	Volume = {233},
	Number = {3},
	Pages = {435--449},
	Year = {2005}}

@book{palmer94grammatical,
	Address = {Cambridge},
	Author = {Palmer, F.R.},
	Publisher = {Cambridge UP},
	Title = {Grammatical Roles and Relations},
	Year = {1994}}

@inproceedings{pepperberg01lessons,
	Author = {Pepperberg, Irene M.},
	Booktitle = {Proceedings of the First International Workshop on Epigenetic Robotics: Modeling Cognitive Development in Robotic Systems},
	Editor = {Balkenius et al, Christian},
	Series = {Lund University Cognitive Studies},
	Title = {Lessons from Cognitive Ethology: Animal Models for Ethological Computing},
	Volume = {85},
	Year = {2001}}

@article{pereira80dcg,
	Author = {Pereira, Fernando C.N. and Warren, David H.D.},
	Title = {Definite Clause Grammars for Language Analysis -- A Survey of the Formalism and a Comparison with Augmented Transition Networks},
	Pages = {231--278},
	URL = {http://cgi.di.uoa.gr/\textasciitilde takis/pereira-warren.pdf},
	Journal = {Artificial Intelligence},
	Volume = {13},
	Year = {1980}}

@book{pfeifer06how,
	Address = {Cambridge, MA},
	Author = {Pfeifer, Rolf and Bongard, Josh C.},
	Publisher = {MIT Press},
	Title = {How the Body Shapes the Way We Think},
	Year = {2006}}

@book{piaget48representation,
	Address = {Paris},
	Author = {Piaget, Jean and Inhelder, Barbel},
	Note = {[tr. fr. F. J. Langdon and J. L. Lunzer, The child's conception of space. Routledge and Kegan Paul, London (1956)]},
	Publisher = {Presses Universitaires de France},
	Title = {La repr{\'e}sentation de l'espace chez l'enfant},
	Year = {1948}}

@book{piattelli80language,
	Address = {London},
	Editor = {Piattelli-Palmerini, Massimo},
	Publisher = {Routledge},
	Title = {Language and Learning. The Debate between Jean Piaget and Noam Chomsky},
	Year = {1980}}

@article{pickering06alignment,
	Author = {Pickering, M.J. and Garrod, S.},
	Title = {Alignment as the Basis of Successful Communication}, 
	Journal = {Research on Language and Computation},
	Volume = {4},
	Year = {2006},
	Pages = {203--228}}

@book{pinker89learnability,
	Address = {Cambridge},
	Author = {Pinker, Steven},
	Publisher = {Cambridge UP},
	Title = {Learnability and Cognition: The Acquisition of Argument Structure},
	Year = {1989}}

@incollection{pinker03language,
	Address = {New york},
	Author = {Pinker, Steven},
	Booktitle = {Language Evolution: States of the Art},
	Editor = {Christiansen, M. and Kirby, S.},
	Pages = {16--37},
	Publisher = {Oxford University Press},
	Title = {Language as an Adaptation to the Cognitive Niche},
	Year = {2003}}

@article{pinker04clarifying,
	Author = {Pinker, Steven},
	Journal = {Journal of Child Language},
	Pages = {949--953},
	Title = {Clarifying the Logical Problem of Language Acquisition},
	Volume = {31},
	Year = {2005}}

@article{pinker05faculty,
	Author = {Pinker, Steven and Jackendoff, Ray},
	Journal = {Cognition},
	Month = {March},
	Number = {2},
	Pages = {201--236},
	Title = {The Faculty of Language: What's Special about it?},
	Volume = {95},
	Year = {2005}}

@book{pinker07stuff,
	Author = {Pinker, Steven},
	Title = {The Stuff of Thought. Language as a Window into Human Nature},
	Year = {2007},
	Publisher = {Penguin Books},
	Address = {London}}
	
@article{pinker90natural,
	Author = {Pinker, Steven and Bloom, Paul},
	Journal = {Behavioral and Brain Sciences},
	Number = {4},
	Pages = {707--784},
	Title = {Natural Language and Natural Selection},
	Volume = {13},
	Year = {1990}}

@article{platt64strong,
	Author = {Platt, J.},
	Journal = {Science},
	Pages = {347--353},
	Title = {Strong Inference},
	Volume = {146},
	Year = {1964}}

@phdthesis{pollard84,
	Author = {Pollard, Carl}, 
	Year = {1984}, 
	Title = {{Generalized Phrase Structure Grammars, Head Grammars, and Natural Language}},
	School = {Stanford University, CA},
	Address = {Stanford CA}}

@book{pollard87hpsg,
	Author = {Pollard, Carl and Sag, Ivan A.},
	Year = {1987},
	Title = {Information-based Syntax and Semantics. Volume 1: Fundamentals},
	Address = {Stanford},
	Publisher = {CSLI Publications}}

@inproceedings{priese93fast,
	Address = {L{\"u}beck},
	Author = {Priese, Lutz and Rehrmann, Volker},
	Booktitle = {Proceedings 15. DAGM-Symposium},
	Month = {September},
	Pages = {297--304},
	Title = {A Fast Hybrid Color Segmentation Method},
	Year = {1993}}

@inproceedings{prince01theory,
	Author = {Prince, Christopher G.},
	Booktitle = {Proceedings of the First International Workshop on Epigenetic Robotics: Modeling Cognitive Development in Robotic Systems},
	Editor = {Balkenius et al, Christian},
	Series = {Lund University Cognitive Studies},
	Title = {Theory Grounding in Embodied Artificially Intelligent Systems},
	Volume = {85},
	Year = {2001}}

@proceedings{proceedings-aaai00,
	Month = {August},
	Title = {Proceedings of the National Conference on Artificial Intelligence (AAAI)},
	Year = {2000}}

@proceedings{proceedings-aaai87,
	Address = {Seattle, WA},
	Publisher = {Morgan Kaufmann},
	Title = {Proceedings of the National Conference on Artificial Intelligence (AAAI)},
	Year = {1987}}

@proceedings{proceedings-aaaissg01,
	Address = {Anaheim, CA},
	Publisher = {AAAI Press},
	Title = {Proceedings of the AAAI Spring Symposium on Grounding},
	Year = {2001}}

@proceedings{proceedings-accv98,
	Month = {January},
	Title = {3rdAsian Conference on Computer Vision},
	Year = {1998}}

@proceedings{proceedings-acl04,
	Address = {Barcelona},
	Editor = {Daelemans, Walter},
	Title = {Proceedings 42nd Annual Meeting of the Association for Computational Linguistics},
	Year = {2004}}

@proceedings{proceedings-acl98,
	Address = {San Francisco, CA},
	Month = {August},
	Publisher = {Morgan Kaufmann},
	Title = {Proceedings {COLING}-{ACL} 1998},
	Year = {1998}}

@proceedings{proceedings-agents97,
	Address = {New York},
	Editor = {Johnson, W. Lewis and Hayes-Roth, Barbara},
	Publisher = {ACM Press},
	Title = {Proceedings of the First International Conference on Autonomous Agents (Agents'97)},
	Year = {1997}}

@proceedings{proceedings-alife90,
	Editor = {Langton, Christopher G. and Taylor, Charles and Farmer, J. Doyne and Rasmussen, Steen},
	Publisher = {Addison Wesley Longman},
	Title = {Artificial Life II (SFI Studies in the Sciences of Complexity)},
	Year = {1992}}

@proceedings{proceedings-alife96,
	Editor = {Langton, Christopher G.},
	Title = {Proceeding of Alife V},
	Year = {1997}}

@proceedings{proceedings-alife98,
	Editor = {Adami, Christoph and Belew, Richard K. and Kitano, Hiroaki and Taylor, Charles E.},
	Publisher = {MIT Press},
	Title = {Proceedings of the Sixth International Conference on Artificial Life},
	Year = {1998}}

@proceedings{proceedings-bnaic00,
	Address = {De Efteling, Kaatsheuvel, the Netherlands},
	Title = {Proceedings of the 12th Belgium-Netherlands Conference on Artificial Intelligence (BNAIC '00)},
	Year = {2000}}

@proceedings{proceedings-bnaic01,
	Address = {Amsterdam, the Netherlands},
	Title = {Proceedings of the 13th Belgium-Netherlands Conference on Artificial Intelligence (BNAIC '01)},
	Year = {2001}}

@proceedings{proceedings-bnaic02,
	Address = {Belgium.},
	Title = {Proceedings of the 14th Belgium-Netherlands Conference on Artificial Intelligence (BNAIC '02)},
	Year = {2002}}

@proceedings{proceedings-bnaic04,
	Address = {Groningen, The Netherlands},
	Title = {Proceedings of the 16th Belgium-Netherlands Conference on Artificial Intelligence (BNAIC '04)},
	Year = {2004}}

@proceedings{proceedings-bnaic05,
	Address = {Brussels, Belgium},
	Title = {Proceedings of the 17th Belgium-Netherlands Conference on Artificial Intelligence (BNAIC '05)},
	Year = {2005}}

@proceedings{proceedings-bnaic99,
	Address = {Maastricht, the Netherlands},
	Title = {Proceedings of the 11th Belgium-Netherlands Conference on Artificial Intelligence (BNAIC '99)},
	Year = {1999}}

@proceedings{proceedings-caepia05,
	Address = {Santiago de Compostela},
	Editor = {Bugar{\'\i}n Diz, Alberto J. and Santos Reyes, Jos{\'e}},
	Month = {November},
	Publisher = {Springer},
	Series = {Lecture Notes in Artificial Intelligence},
	Title = {Proceedings CAEPIA 2005, 11th conference of the Spanish association for Artififcial Intelligence},
	Year = {2005}}

@proceedings{proceedings-cvpr98,
	Month = {July},
	Title = {Proceedings of the IEEE Conference on Computer Vision and Pattern Recognition (CVPR)},
	Year = {1998}}

@proceedings{proceedings-cvpr99,
	Address = {Fort Collins, CO},
	Month = {June},
	Title = {Proceedings of the IEEE Conference on Computer Vision and Pattern Recognition (CVPR)},
	Year = {1999}}

@proceedings{proceedings-dagm93,
	Address = {L{\"u}beck},
	Month = {September},
	Title = {Proceedings 15. DAGM-Symposium},
	Year = {1993}}

@proceedings{proceedings-ecai00,
	Address = {Berlin, Germany},
	Editor = {Horn, Werner},
	Month = {August},
	Publisher = {IOS Press},
	Title = {Proceedings of the 14th European Conference on Artificial Intelligence (ECAI)},
	Year = {2000}}

@proceedings{proceedings-ecal03,
	Address = {Berlin},
	Publisher = {Springer Verlag},
	Series = {Lecture Notes in Artificial Intelligence},
	Title = {Advances in Artificial Life - Proceedings of the 7th European Conference on Artificial Life (ECAL) 2003},
	Volume = {2801},
	Year = {2003}}

@proceedings{proceedings-ecal97,
	Address = {Brighton, U.K.},
	Editor = {Husbands, Phil and Harvey, Inman},
	Month = {July},
	Publisher = {The MIT Press},
	Title = {Proceedings of the 4th European Conference on Artificial Life},
	Year = {1997}}

@proceedings{proceedings-ecal99,
	Address = {Lausanne, Switzerland},
	Editor = {Floreano, Dario and Nicoud, Jean-Daniel and Mondada, Francesco},
	Month = {September},
	Publisher = {Springer},
	Series = {Lecture Notes in Computer Science},
	Title = {Advances in Artificial Life. Proceedings of the Fifth European Conference, ECAL'99},
	Volume = {1674},
	Year = {1999}}

@proceedings{proceedings-eccv96,
	Publisher = {Springer},
	Series = {Lecture Notes in Computer Science},
	Title = {Proceedings of the Fourth European Conference on Computer Vision},
	Volume = {1064},
	Year = {1996}}

@proceedings{proceedings-ecml97,
	Address = {Prague, Czech Republic},
	Editor = {van Someren, Maarten W. and Widmer, Gerhard},
	Month = {April},
	Publisher = {Springer},
	Title = {Proceedings of the European Conference on Machine Learning},
	Year = {1997}}

@proceedings{proceedings-ecml_mlnet97,
	Address = {Prague, Czech Republic},
	Editor = {Daelemans, Walter and van den Bosh, Antal and Weijters, Ton},
	Month = {April},
	Publisher = {ECML/MLnet},
	Title = {Workshop Notes of the ECML/MLnet Familiarization Workshop on Empirical Learning of Natural Language Processing Tasks},
	Year = {1997}}

@proceedings{proceedings-eelc04,
	Address = {Dordrecht},
	Editor = {Gontier, Nathalie and Van Bendegem, Jean Paul and Aerts, Diederik},
	Publisher = {Springer},
	Series = {Theory and Decision Library - Series A: Philosophy and Methodology of the Social Sciences},
	Title = {Evolutionary Epistemology, Language and Culture - A nonadaptationist systems theoretical approach},
	Year = {2005}}

@proceedings{proceedings-eelc05,
	Address = {Hatfield, UK},
	Editor = {Lyon, Caroline and Cangelosi, Angelo and Nehaniv, Chrystopher L.},
	Month = {April},
	Title = {AISB'05: Proceedings of Second International Symposium on the Emergence and Evolution of Linguistic Communication (EELC'05)},
	Year = {2005}}

@proceedings{proceedings-eelc06,
	Address = {Berlin},
	Editor = {Vogt, P. and Sugita, Y. and Tuci, E. and Nehaniv, C.},
	Publisher = {Springer-Verlag},
	Series = {LNAI 4211},
	Title = {Symbol Grounding and Beyond. Proceedings of the Third EELC},
	Year = {2006}}

@proceedings{proceedings-epirob01,
	Editor = {Balkenius et al, Christian},
	Series = {Lund University Cognitive Studies},
	Title = {Proceedings of the First International Workshop on Epigenetic Robotics: Modeling Cognitive Development in Robotic Systems},
	Volume = {85},
	Year = {2001}}

@proceedings{proceedings-epirob04,
	Address = {Genoa, Italy},
	Editor = {Prince, Christopher G. and Berthouze et al, Luc and Kozima, Hideki and Bullock, Daniel and Stojanov, Georgi and Balkenius, Christian},
	Month = {August},
	Series = {Lund University Cognitive Studies},
	Title = {Proceedings of the 4th International Workshop on Epigenetic Robotics: Modeling Cognitive Development in Robotic System},
	Volume = {117},
	Year = {2004}}

@proceedings{proceedings-evolang02,
	Address = {Harvard},
	Month = {April},
	Title = {Proceedings of the Evolution of Language Conference},
	Year = {2002}}

@proceedings{proceedings-evolang06,
	Address = {London},
	Editor = {Cangelosi, Angelo and Smith, Andrew and Smith, Kenny},
	Publisher = {World Scientific Publishing},
	Title = {Proceedings of the 6th International Conference on the Evolution of Language},
	Year = {2006}}

@proceedings{proceedings-ewlr98,
	Publisher = {Springer Verlag},
	Series = {Lecture Notes In Computer Science},
	Title = {EWLR-6: Proceedings of the 6th European Workshop on Learning Robots},
	Volume = {1545},
	Year = {1998}}

@proceedings{proceedings-fuzzieee01,
	Address = {Melbourne, Australia},
	Title = {Proceedings of the 10th IEEE International Conference on Fuzzy Systems},
	Year = {2001}}

@proceedings{proceedings-icdl02,
	Month = {June},
	Title = {Proceedings of the 2nd International Conference on Development and Learning (ICDL'02)},
	Year = {2002}}

@proceedings{proceedings-icip02,
	Title = {International Conference on Image Processing},
	Year = {2002}}

@proceedings{proceedings-icmas96,
	Editor = {Tokoro, Mario},
	Publisher = {The MIT Press},
	Title = {Proceedings of the International Conference on Multi-Agent Systems},
	Year = {1996}}

@proceedings{proceedings-icra02,
	Address = {Washington DC, USA},
	Month = {May},
	Title = {IEEE International Conference on Robotics and Automation},
	Year = {2002}}

@proceedings{proceedings-icsab91,
	Editor = {Meyer, Jean-Arcady and Wilson, Stewart W.},
	Publisher = {MIT Press},
	Title = {From Animals to Animats, Proceedings of the First International Conference on the Simulation of Adaptive Behavior},
	Year = {1991}}

@proceedings{proceedings-ieee-rhc01,
	Title = {Proceedings of the 10th IEEE International Workshop on Robot and Human Communication},
	Year = {2001}}

@proceedings{proceedings-ijcai01,
	Address = {Seattle, Washington},
	Editor = {Nebel, Bernhard},
	Month = {August},
	Publisher = {Morgan Kaufmann},
	Title = {Proceedings of the Seventeenth International Joint Conference on Artificial Intelligence, IJCAI 2001},
	Year = {2001}}

@proceedings{proceedings-ijcai05,
	Address = {Edinburgh, Scotland, UK},
	Editor = {Kaelbling, Leslie Pack and Saffiotti, Alessandro},
	Month = {July},
	Publisher = {Professional Book Center},
	Title = {Proceedings of the Nineteenth International Joint Conference on Artificial Intelligence, IJCAI 2005},
	Year = {2005}}

@proceedings{proceedings-ijcai91,
	Address = {San Mateo, CA},
	Publisher = {Morgan Kaufmann},
	Title = {Proceedings of the 1991 International Joint Conference on Artificial Intelligence},
	Year = {1991}}

@proceedings{proceedings-ijcai93,
	Address = {San Mateo, CA},
	Title = {Proceedings of the Thirteenth International Joint Conference on Artificial Intelligence},
	Year = {1993}}

@proceedings{proceedings-ijcai97,
	Address = {San Francisco, CA},
	Editor = {Pollack, Martha E.},
	Publisher = {Morgan Kaufmann},
	Title = {Proceedings of the Fifteenth International Joint Conference on Artificial Intelligence},
	Year = {1997}}

@proceedings{proceedings-ijcai99,
	Address = {Stockholm, Sweden},
	Editor = {Dean, Thomas},
	Month = {August},
	Publisher = {Morgan Kaufmann},
	Title = {Proceedings of the Sixteenth International Joint Conference on Artificial Intelligence (IJCAI'99)},
	Year = {1999}}

@proceedings{proceedings-iros06,
	Address = {Beijing},
	Month = {October},
	Title = {Proceedings of the IEEE/RSJ International Conference on Intelligent Robots and Systems (IROS 2006)},
	Year = {2006}}

@proceedings{proceedings-ki04neurobotics,
	Editor = {Palm, G. and Wermter, S.},
	Title = {Proceedings of the KI2004 Workshop on Neurobotics},
	Year = {2004}}

@proceedings{proceedings-ki2005,
	Address = {Koblenz},
	Editor = {Furbach, Ulrich},
	Note = {to appear},
	Publisher = {Springer},
	Series = {Lecture Notes in Artificial Intelligence},
	Title = {KI 2005: Advances In Artificial Intelligence. Proceedings of the 28th German Conference on AI},
	Volume = {3698},
	Year = {2005}}

@proceedings{proceedings-kogwis99,
	Address = {Bielefeld},
	Editor = {Wachsmuth, Ipke and Jung, Bernhard},
	Month = {September},
	Title = {Proceedings der 4. Fachtagung der Gesellschaft f{\"u}r Kognitionswissenschaft},
	Year = {1999}}

@proceedings{proceedings-robocup01,
	Address = {Seattle, WA},
	Editor = {Birk, Andreas and Coradeschi, Silvia and Tadokoro, Satoshi},
	Publisher = {Springer},
	Series = {Lecture Notes in Artificial Intelligence},
	Title = {RoboCup 2001 Robot Soccer World Cup V},
	Volume = {2377},
	Year = {2002}}

@proceedings{proceedings-robocup02,
	Address = {Fukuoka, Japan},
	Editor = {Kaminka, Gal A. and Lima, Pedro U. and Rojas, Ra{\'u}l},
	Publisher = {Springer},
	Series = {Lecture Notes in Artificial Intelligence},
	Title = {RoboCup 2002: Robot Soccer World Cup VI},
	Volume = {2752},
	Year = {2003}}

@proceedings{proceedings-robocup03,
	Address = {Padova, Italy},
	Editor = {Polani, Daniel and Browning, Brett and Bonarini, Andrea},
	Publisher = {Springer},
	Series = {Lecture Notes in Artificial Intelligence},
	Title = {RoboCup 2003: Robot Soccer World Cup VII},
	Volume = {3020},
	Year = {2004}}

@proceedings{proceedings-robocup04,
	Address = {Lisbon, Portugal},
	Editor = {Nardi, Daniele and Riedmiller, Martin and Sammut, Claude and Santos-Victor, Jos{\'e}},
	Publisher = {Springer},
	Series = {Lecture Notes in Artificial Intelligence},
	Title = {RoboCup 2004: Robot Soccer World Cup VIII},
	Volume = {3276},
	Year = {2005}}

@proceedings{proceedings-sab96,
	Address = {Cambridge Ma.},
	Editor = {Maes, Pattie and Mataric, Maja J. and Meyer, Jean-Arcady and Pollack, Jordan and Wilson, Stewart W.},
	Publisher = {The MIT Press},
	Title = {From Animals to Animats 4: Proceedings of the Fourth International Conference On Simulation of Adaptive Behavior},
	Year = {1996}}

@proceedings{proceedings-sab98,
	Address = {Cambridge Ma.},
	Editor = {Pfeifer, Rolf and Blumberg, Bruce and Meyer, Jean-Arcady and Wilson, Stewart W.},
	Publisher = {The MIT Press},
	Title = {From Animals to Animats 5: Proceedings of the Fifth International Conference on Simulation of Adaptive Behavior},
	Year = {1998}}

@proceedings{proceedings-srf98,
	Title = {Proceedings of Sony Research Forum 1998},
	Year = {1998}}

@proceedings{proceedings-srf99,
	Title = {Proceedings of Sony Research Forum 1999},
	Year = {1999}}
	
@article{pullum02empirical,
	Year = {2002},
	Author = {Pullum, G.K. and Scholz, B.C.},
	Title = {Empirical Assessment of Stimulus Poverty Arguments},
	Journal = {The Linguistic Review},
	Volume = {19},
	Pages = {9--50}}
	
@inproceedings{puzicha99histogram,
	Address = {Fort Collins, CO},
	Author = {Puzicha, Jan and Hofmann, Thomas and Buhmann, Joachim M.},
	Booktitle = {Proceedings of the IEEE Conference on Computer Vision and Pattern Recognition (CVPR)},
	Month = {June},
	Pages = {602--608},
	Title = {Histogram Clustering for Unsupervised Image Segmentation},
	Year = {1999}}

@book{quine60word,
	Address = {Cambridge, MA},
	Author = {Quine, W.V.O.},
	Publisher = {MIT Press},
	Title = {Word and Object},
	Year = {1960}}

@article{ramsay90disjunction,
	Author = {Ramsay, Allan},
	Title = {Disjunction Without Tears},
	Journal = {Computational Linguistics},
	Volume = {16},
	Number = {3},
	Year = {1990},
	Pages = {171--174}}
	
@incollection{reape94,
	Author = {Reape, Mike},
	Title = {Domain Union and Word Order Variation in {German}},
	Booktitle = {{German} in {Head-Driven Phrase Structure Grammar}},
	Pages = {151--197},
	Year = {1994},
	Address = {Stanford},
	Publisher = {CSLI Publications}}

@inproceedings{rehrmann97fast,
	Author = {Rehrmann, Volker and Priese, Lutz},
	Booktitle = {3rdAsian Conference on Computer Vision},
	Month = {January},
	Pages = {598--606},
	Title = {Fast and Robust Segmentation of Natural Color Scenes},
	Year = {1998}}

@book{resnick91grounding,
	Editor = {Resnick, Lauren B. and Levine, John M. and Teasley, Stephanie D.},
	Publisher = {APA Books},
	Title = {Perspectives on Socially Shared Cognition},
	Year = {1991}}

@book{riegler99understanding,
	Address = {New York},
	Editor = {Riegler, Alenxander and Peschl, Markus and Stein, Astrid von},
	Publisher = {Plenum Press},
	Title = {Understanding Representation in the Cognitive Sciences -- Does Representation Need Reality?},
	Year = {1999}}

@book{robins67history,
	Author = {Robins, R.H.},
	Title = {A Short History of Linguistics},
	Address = {London},
	Publisher = {Longman},
	Year = {1967}}

@inproceedings{roefer03architecture,
	Address = {Fukuoka, Japan},
	Author = {R{\"o}fer, Thomas},
	Booktitle = {RoboCup 2002: Robot Soccer World Cup VI},
	Editor = {Kaminka, Gal A. and Lima, Pedro U. and Rojas, Ra{\'u}l},
	Pages = {417--425},
	Publisher = {Springer},
	Series = {Lecture Notes in Artificial Intelligence},
	Title = {An Architecture for a National RoboCup Team},
	Volume = {2752},
	Year = {2003}}

@inproceedings{roefer04germanteam,
	Address = {Padova, Italy},
	Author = {R{\"o}fer, Thomas and Dahm, Ingo and D{\"u}ffert, Uwe and Hoffmann, Jan and J{\"u}ngel, Matthias and Kallnik, Martin and L{\"o}tzsch, Martin and Risler, Max and Stelzer, Max and Ziegler, Jens},
	Booktitle = {RoboCup 2003: Robot Soccer World Cup VII},
	Editor = {Polani, Daniel and Browning, Brett and Bonarini, Andrea},
	Note = {more detailed in GermanTeam RoboCup 2003. Technical Report (199 pages, http://www.germanteam.org/GT2003.pdf)},
	Publisher = {Springer},
	Series = {Lecture Notes in Artificial Intelligence},
	Title = {GermanTeam 2003},
	Volume = {3020},
	Year = {2004}}

@inproceedings{roefer05germanteam,
	Address = {Lisbon, Portugal},
	Author = {R{\"o}fer, Thomas and Brunn, Ronnie and Dahm, Ingo and Hebbel, Matthias and Hoffmann, Jan and J{\"u}ngel, Matthias and Laue, Tim and L{\"o}tzsch, Martin and Nistico, Walter and Spranger, Michael},
	Booktitle = {RoboCup 2004: Robot Soccer World Cup VIII},
	Editor = {Nardi, Daniele and Riedmiller, Martin and Sammut, Claude and Santos-Victor, Jos{\'e}},
	Note = {To appear. More detailed in GermanTeam RoboCup 2004. Technical Report (299 pages, http://www.germanteam.org/GT2004.pdf)},
	Publisher = {Springer},
	Series = {Lecture Notes in Artificial Intelligence},
	Title = {GermanTeam 2004: The German National RoboCup Team},
	Volume = {3276},
	Year = {2005}}

@article{rosch73natural,
	Author = {Rosch, Elenora},
	Journal = {Cognitive Psychology},
	Pages = {573--605},
	Title = {Natural Categories},
	Volume = {7},
	Year = {1973}}

@article{rosch75cognitive,
	Author = {Rosch, Eleanor},
	Journal = {Journal of Experimental Psychology: General},
	Pages = {192--233},
	Title = {Cognitive Representations of Semantic Categories},
	Volume = {104},
	Year = {1975}}

@article{roy02learning,
	Author = {Roy, Deb and Pentland, Alex},
	Journal = {Cognitive Science},
	Number = {1},
	Pages = {113--146},
	Title = {Learning Words from Sights and Sounds: A Computational Model},
	Volume = {26},
	Year = {2002}}

@article{roy05grounding,
	Author = {Roy, Deb},
	Journal = {Trends in Cognitive Sciences},
	Number = {8},
	Pages = {389--396},
	Title = {Grounding Words in Perception and Action},
	Volume = {9},
	Year = {2005}}

@article{roy05semiotic,
	Author = {Roy, Deb},
	Journal = {Artificial Intelligence},
	Number = {1-2},
	Pages = {170--205},
	Title = {Semiotic Schemas: a Framework for Grounding Language in Action and Perception},
	Volume = {167},
	Year = {2005}}

@phdthesis{roy99learning,
	Author = {Roy, Deb},
	School = {Massachusetts Institute of Technology},
	Title = {Learning Words from Sights and Sounds: A Computational Model},
	Year = {1999}}

@book{russel95artificial,
	Author = {Russel, Stuart and Norvig, Peter},
	Publisher = {Prentice Hall},
	Title = {Artificial Intelligence, A Modern Approach},
	Year = {1995}}

@inproceedings{sag86unification,
	Author = {Sag, Ivan A. and Kaplan, Ronald M. and Karttunen, Lauri and Kay, Martin and Pollard, Carl and Shieber, Stuart and Zaenen, Annie},
	Title = {Unification and Grammatical Theory},
	Booktitle = {Proceedings of the Fifth {West Coast} Conference on Formal Linguistics},
	Year = {1986},
	Address = {Stanford, CA},
	Publisher = {CSLI Publications},
	Pages = {238--255},
	URL = {http://lingo.stanford.edu/sag/papers/sagetal-1986.pdf}}

@inproceedings{sag03coordination,
	Author = {Sag, Ivan A.},
	Year = {2003},
	Title = {Coordination and Underspecification},
	Editor = {Kom, Jongbok and Wechsler, Stephen},
	Booktitle = {Proceedings of the Ninth International Conference on {HPSG}},
	Address = {Stanford},
	Publisher = {CSLI}}

@incollection{sag07sbcg,
	Author = {Sag, Ivan A.},
	Title = {Sign-Based Construction Grammar. An Informal Synopsis},
	Booktitle = {{Sign-Based Construction Grammar}},
	Editor = {Boas, Hans C. and Sag, Ivan A.},
	Year = {2013},
	Publisher = {CSLI Publications},
	Address = {Stanford}}

@book{sag94hpsg,
	Address = {Chicago},
	Author = {Pollard, Carl and Sag, Ivan A.},
	Publisher = {University of Chicago Press},
	Title = {Head-Driven Phrase Structure Grammar},
	Year = {1994}}

@book{saussure05cours,
	Address = {Paris},
	Author = {de Saussure, Ferdinand},
	Publisher = {Payot},
	Title = {Cours de Linguistique G{\'e}n{\'e}rale},
	Note = {\'{E}dition Critique Pr{\'e}par{\'e}e par Tulio de Mauro, first published in 1967},
	Edition = {Sixth, Revised, 2005},
	Year = {1916}}

@incollection{scassellati99imitation,
	Address = {Berlin},
	Author = {Scassellati, Brian},
	Booktitle = {Computation for Metaphors, Analogy, and Agents},
	Editor = {Nehaniv, Chrystopher L.},
	Pages = {176--195},
	Publisher = {Springer Verlag},
	Series = {Lecture Notes in Artificial Intelligence},
	Title = {Imitation and Mechanisms of Joint Attention: A Developmental Structure for Building Social Skills on a Humanoid Robot},
	Volume = {1562},
	Year = {1999}}

@inproceedings{schneiderman98probabilistic,
	Author = {Schneiderman, Henry and Kanade, Takeo},
	Booktitle = {Proceedings of the IEEE Conference on Computer Vision and Pattern Recognition (CVPR)},
	Month = {July},
	Pages = {45--51},
	Title = {Probabilistic Modeling of Local Appearance and Spatial Relationships for Object Recognition},
	Year = {1998}}

@article{schober93spatial,
	Author = {Schober, Michael F.},
	Journal = {Cognition},
	Pages = {1--24},
	Title = {Spatial Perspective Taking in Conversation},
	Volume = {47},
	Year = {1993}}

@proceedings{schoenauer00proceedings,
	Address = {Berlin},
	Editor = {Schoenauer, M. and Deb, K. and Rudolph, G. and Yao, X. and Lutton, E. and Merelo, J.J. and Schwefel, H.-P.},
	Publisher = {Springer-Verlag},
	Series = {LNCS 1917},
	Title = {Parallel Problem Solving from Nature IV},
	Year = {2000}}

@article{searle80minds,
	Author = {Searle, John R.},
	Journal = {Behavioral and Brain Sciences},
	Number = {3},
	Pages = {417-457},
	Title = {Minds, Brains, and Programs},
	Volume = {3},
	Year = {1980}}

@book{shapiro01computervision,
	Address = {Englewood Cliffs, NJ},
	Author = {Shapiro, Linda G. and Stockman, George C.},
	Publisher = {Prentice-Hall},
	Title = {Computer Vision},
	Year = {2001}}

@article{shannon48,
   Author = {Shannon, C.E.},
   Title = {A Mathematical Theory of Communication},
   Journal = {The Bell System Technical Journal},
   Volume = {47},
   Pages = {379--423},
   Year = {1948}}

@article{shepard71mental,
	Author = {Shepard, Roger and Metzler, Jacqueline},
	Journal = {Science},
	Number = {171},
	Pages = {701--703},
	Title = {Mental Rotation of Three-dimensional Objects},
	Volume = {3},
	Year = {1971}}

@book{shieber86unification,
	Author = {Shieber, Stuart M.},
	Title = {An Introduction to Unification-Based Approaches to Grammar},
	Year = {1986},
	Edition = {Repr. 2003},
	Publisher = {Microtome Publishing},
	Address = {Brookline, MA},
	URL = {http://www.eecs.harvard.edu/shieber/Biblio/Papers/uagf-bound.pdf}}

@book{sinclair91corpus,
	Author = {Sinclair, J.},
	Title = {Corpus, Concordance, Collocation},
	Address = {Oxford},
	Publisher = {Oxford University Press},
	Year = {1991}}

@inproceedings{sinha01epigenesis,
	Author = {Sinha, Cris},
	Booktitle = {Proceedings of the First International Workshop on Epigenetic Robotics: Modeling Cognitive Development in Robotic Systems},
	Editor = {Balkenius et al, Christian},
	Series = {Lund University Cognitive Studies},
	Title = {The Epigenesis of Symbolization},
	Volume = {85},
	Year = {2001}}

@article{Siskind:2000,
	Author = {Siskind, J.M.},
	Year = {2000},
	Title = {Grounding language in perception},
	Journal = {Artificial  Intelligence Review},
	Volume = {8},
	Number = {5-6},
	Pages = {371--391}}

@inproceedings{siskind00visual,
	Author = {Siskind, Jeffrey Mark},
	Booktitle = {Proceedings of the National Conference on Artificial Intelligence (AAAI)},
	Month = {August},
	Pages = {149--155},
	Title = {Visual Event Classification via Force Dynamics},
	Year = {2000}}

@article{siskind01grounding,
	Author = {Siskind, Jeffrey Mark},
	Title = {Grounding the Lexical Semantics of Verbs in Visual Perception Using Force Dynamics and Event Logic},
	Journal = {Journal of Artificial Intelligence Research},
	Volume = {15},
	Year = {2001},
	Pages = {31--90}}

@article{siskind95grounding,
	Author = {Siskind, Jeffrey Mark},
	Journal = {Artificial Intelligence Review},
	Number = {5-6},
	Pages = {371--391},
	Title = {Grounding Language in Perception},
	Volume = {8},
	Year = {1995}}

@inproceedings{siskind96maximumlikelihood,
	Author = {Siskind, Jeffrey Mark and Morris, Quaid},
	Booktitle = {Proceedings of the Fourth European Conference on Computer Vision},
	Pages = {347--360},
	Publisher = {Springer},
	Series = {Lecture Notes in Computer Science},
	Title = {A Maximum-Likelihood Approach to Visual Event Classification},
	Volume = {1064},
	Year = {1996}}

@book{skousen89analogical,
	Author = {Skousen, Royal},
	Title = {Analogical Modeling of Language},
	Address = {Dordrecht},
	Publisher = {Kluwer},
	Year = {1989}}

@article{smith03intelligent,
	Author = {Smith, Andrew D.M.},
	Journal = {Artificial Life},
	Number = {2},
	Pages = {175--190},
	Title = {Intelligent Meaning Creation in a Clumpy World Helps Communication},
	Volume = {9},
	Year = {2003}}

@article{smith05inferential,
	Author = {Smith, Andrew D.M.},
	Title = {The Inferential Transmission of Language},
	Journal = {Adaptive Behavior},
	Volume = {13},
	Number = {4},
	Pages = {311--324},
	Year = {2005}}

@article{smith03iterated,
	Author = {Smith, Kenny and Kirby, Simon and Brighton, Henry},
	Journal = {Artificial Life},
	Number = {4},
	Pages = {371--386},
	Title = {Iterated Learning: A Framework for the Emergence of Language},
	Volume = {9},
	Year = {2003}}

@inproceedings{smith03language,
	Author = {Smith, Kenny and Hurford, James R.},
	Title = {Language Evolution in Populations: Extending the Iterated Learning Model},
	Editor = {Banzhaf, W. and Ziegler, J. and Dittrich, P. and Kim, J.T. and Christaller, T.},
	Booktitle = {Advances in Artificial Life: Proceedings of the 7th Eurpopean Conferenceon Artificial Life},
	Year = {2003},
	Publisher = {Springer},
	Address = {2003},
	Pages = {507--516}}

@phdthesis{smith03transmission,
	Author = {Smith, Kenny},
	Title = {The Transmission of Language: Models of Biological and Cultural Evolution},
	School = {University of Edinburgh},
	Year = {2003},
	Address = {Edinburgh}}

@article{smith08holistic,
	Author = {Smith, Kenny},
	Title = {Is a Holistic Protolanguage a Plausible Precursor to Language? A Test Case for Modern Evolutionary Linguistics},
	Journal = {Interaction Studies},
	Year = {2008},
	Volume = {9},
	Number = {1},
	Month = {March},
	Pages = {1--17}}

@book{sperber86relevance,
	Author = {Sperber, D. and Wilson, D.},
	Title = {Relevance: Communication and Cognition},
	Publisher = {Harvard University Press},
	Address = {Cambridge, MA},
	Year = {1986}}

@inproceedings{spranger10open-ended,
	Author = {Spranger, Michael and Pauw, Simon and Loetzsch, Martin},
	Title = {Open-Ended Semantics Co-Evolving with Spatial Language},
	BOOKTITLE = {The Evolution of Language (EVOLANG 8)},
	EDITOR = {Smith, A.D.M. and Schouwstra, M. and de Boer, B. and Smith, K.},
	PUBLISHER={World Scientific},
	Address = {Singapore},
	Year = {2010}}

@book{steedman00syntactic,
	Author = {Steedman, Mark},
	Title = {The Syntactic Process},
	Address = {Cambridge, MA},
	Publisher = {MIT Press},
	Year = {2000}}

@incollection{beuls12diagnostics,
	Author = {Beuls, Katrien and {van Trijp}, Remi and Wellens, Pieter},
	Title = {Diagnostics and Repairs in {Fluid Construction Grammar}},
	Editor = {Steels, Luc and Hild, Manfred},
	Booktitle = {Language Grounding in Robots},
	Publisher = {Springer},
	Pages = {215--234},
	Year = {2012},
	Address = {Berlin/New York}}

@incollection{vantrijp12robust,
	Author = {{van Trijp}, Remi},
	Title = {A Reflective Architecture for Robust Language Processing and Learning},
	Booktitle = {Computational Issues in {Fluid Construction Grammar}},
	Publisher = {Springer},
	Editor = {Steels, Luc},
	Pages = {51--74},
	Year = {2012},
	Address = {Heidelberg/Berlin}}

@incollection{steels12action,
	Author = {Steels, Luc and Spranger, Michael and {van Trijp}, Remi and H\"{o}fer, Sebastian and Hild, Manfred},
	Title = {Emergent Action Language on Real Robots},
	Editor = {Steels, Luc and Hild, Manfred},
	Booktitle = {Language Grounding in Robots},
	Publisher = {Springer},
	Pages = {255--276},
	Year = {2012},
	Address = {Berlin/New York}}

@book{steels12computational,
	Editor = {Steels, Luc},
	Title = {Computational Issues in {Fluid Construction Grammar}},
	Publisher = {Springer},
	Year = {2012},
	Address = {Heidelberg/Berlin}}
	
@book{steels12language,
	Editor = {Steels, Luc and Hild, Manfred},
	Title = {Language Grounding in Robots},
	Publisher = {Springer},
	Year = {2012},
	Address = {Berlin/New York}}

@incollection{steels11can,
  Author = {Steels, Luc},
  Title = {Can Evolutionary Linguistics Become a Science?},
  Editor = {Lefebvre, C.},
  Booktitle = {The Origins of Language},
  Address = {Cambridge},
  Publisher = {Cambridge University Press},
  Year = {2011}}


@inproceedings{steels00emergence,
	Address = {Berlin, Germany},
	Author = {Steels, Luc},
	Booktitle = {Proceedings of the 14th European Conference on Artificial Intelligence (ECAI)},
	Editor = {Horn, Werner},
	Month = {August},
	Pages = {764--769},
	Publisher = {IOS Press},
	Title = {The Emergence of Grammar in Communicating Autonomous Robotic Agents},
	Year = {2000}}

@inproceedings{steels00language,
	Address = {Berlin},
	Author = {Steels, Luc},
	Booktitle = {Parallel Problem Solving from Nature},
	Editor = {Schoenauer, M. and Deb, K. and Rudolph, G. and Yao, X. and Lutton, E. and Merelo, J.J. and Schwefel, H.-P.},
	Pages = {17--28},
	Publisher = {Springer-Verlag},
	Series = {LNCS 1917},
	Title = {Language as a Complex Adaptive System},
	Year = {2000}}

@article{steels00puzzle,
	Author = {Steels, Luc},
	Title = {The Puzzle of Language Evolution},
	Journal = {Kognitionswissenschaft},
	Volume = {8},
	Number = {4},
	Pages = {153--150},
	Year = {2000}}

@article{steels01aibos,
	Author = {Steels, Luc and Kaplan, Fr{\'e}d{\'e}ric},
	Journal = {Evolution of Communication},
	Number = {1},
	Pages = {3--32},
	Title = {Aibo's First Words: The Social Learning of Language and Meaning},
	Volume = {4},
	Year = {2001}}

@article{steels01language,
	Author = {Steels, Luc},
	Journal = {IEEE Intelligent Systems},
	Month = {October},
	Pages = {16--22},
	Title = {Language Games for Autonomous Robots},
	Year = {2001}}

@incollection{steels02bootstrapping,
	Address = {Cambridge},
	Author = {Steels, Luc and Kaplan, Fr{\'e}d{\'e}ric},
	Booktitle = {Linguistic Evolution through Language Acquisition: Formal and Computational Models},
	Editor = {Briscoe, T.},
	Pages = {53--73},
	Publisher = {Cambridge University Press},
	Title = {Bootstrapping Grounded Word Semantics},
	Year = {2002}}

@incollection{steels02crucial,
	Address = {Oxford, UK},
	Author = {Steels, Luc and Kaplan, Fr{\'e}d{\'e}ric and McIntyre, Angus and Van Looveren, Joris},
	Booktitle = {The Transition to Language},
	Editor = {Wray, Alison},
	Publisher = {Oxford University Press},
	Title = {Crucial Factors in the Origins of Word-Meaning},
	Year = {2002}}

@incollection{steels02grounding,
	Address = {London},
	Booktitle = {Simulating the Evolution of Language},
	Editor = {Cangelosi, Angelo and Parisi, Domenico},
	Publisher = {Springer Verlag},
	Author = {Steels, Luc},
	Pages = {211--226},
	Title = {Grounding Symbols Through Evolutionary Language Games},
	Year = {2002}}

@inproceedings{steels02simulating,
	Address = {Harvard},
	Author = {Steels, Luc},
	Booktitle = {Proceedings of the Evolution of Language Conference},
	Month = {April},
	Title = {Simulating the Evolution of a Grammar for Case},
	Year = {2002}}

@inproceedings{steels01role,
	Address = {Menlo Park, CA},
	Author = {Steels, Luc},
	Booktitle = {Papers from the 2001 AAI Spring Symposium},
	Editor = {Cohen, P.R. and Oates, T.},
	Publisher = {AAAI Press},
	Title = {The Role of Language in Learning Grounded Representations},
	Year = {2001}}

@article{steels03evolving,
	Author = {Steels, Luc},
	Journal = {Trends in Cognitive Sciences},
	Number = {7},
	Pages = {308--312},
	Title = {Evolving Grounded Communication for Robots},
	Volume = {7},
	Year = {2003}}

@article{steels03intelligence,
	Author = {Steels, Luc},
	Journal = {Philosophical Transactions of the Royal Society A},
	Month = {October},
	Number = {1811},
	Pages = {2381--2395},
	Title = {Intelligence With Representation},
	Volume = {361},
	Year = {2003}}

@article{steels03language,
	Author = {Steels, Luc},
	Journal = {Journal of Consciousness Studies},
	Number = {4-5},
	Pages = {173--185},
	Title = {Language Re-Entrance and the `Inner Voice'},
	Volume = {10},
	Year = {2003}}

@article{steels03shared,
	Author = {Steels, Luc and Baillie, Jean-Christophe},
	Journal = {Robotics and Autonomous Systems},
	Number = {2-3},
	Pages = {163--173},
	Title = {Shared Grounding of Event Descriptions by Autonomous Robots},
	Volume = {43},
	Year = {2003}}

@incollection{steels04architecture,
	Author = {Steels, Luc},
	Title = {The Architecture of Flow},
	Booktitle = {A Learning Zone of One's Own},
	Editor = {Tokoro, Mario and Steels, Luc},
	Pages = {135--150},
	Publisher = {IOS Press},
	Address = {Amsterdam},
	Year = {2004}}

@inproceedings{steels04autotelic,
	Author = {Steels, Luc},
	Title = {The Autotelic Principle},
	Booktitle = {Embodied Artificial Intelligence},
	Editor = {Fumiya, I. and Pfeifer, R. and Steels, L. and Kunyoshi, K.},
	Pages = {231--242},
	Publisher = {Springer},
	Address = {Berlin},
	Series = {LNAI},
	Volume = {3139},
	Year = {2004}}

@inproceedings{steels04constructivist,
	Address = {Barcelona},
	Author = {Steels, Luc},
	Booktitle = {Proceedings 42nd Annual Meeting of the Association for Computational Linguistics},
	Editor = {Daelemans, Walter},
	Pages = {9--19},
	Title = {Constructivist Development of Grounded Construction Grammars},
	Year = {2004}}

@incollection{steels04social,
	Address = {Cambridge, MA},
	Author = {Steels, Luc},
	Booktitle = {Evolution of Communication Systems: A Comparative Approach},
	Editor = {Oller, D. Kimbrough and Griebel, Ulrike},
	Pages = {69--90},
	Publisher = {MIT Press},
	Title = {Social and Cultural Learning in the Evolution of Human Communication},
	Year = {2004}}

@article{steels05coordinating,
	Author = {Steels, Luc and Belpaeme, Tony},
	Journal = {Behavioral and Brain Sciences},
	Pages = {469--529},
	Title = {Coordinating Perceptually Grounded Categories Through Language: A Case Study For Colour},
	Volume = {28},
	Year = {2005}}

@article{steels05emergence,
	Author = {Steels, Luc},
	Journal = {Connection Science},
	Number = {3/4},
	Pages = {213--230},
	Title = {The Emergence and Evolution of Linguistic Structure: From Lexical to Grammatical Communication Systems},
	Volume = {17},
	Year = {2005}}

@inproceedings{steels05linking,
	Address = {Brussels, Belgium},
	Author = {Steels, Luc and De Beule, Joachim and Neubauer, Nicolas},
	Booktitle = {Proceedings of the 17th Belgium-Netherlands Conference on Artificial Intelligence (BNAIC '05)},
	Pages = {11--18},
	Title = {Linking in {F}luid {C}onstruction {G}rammar},
	Year = {2005}}

@inproceedings{steels05planning,
	Address = {Santiago de Compostela},
	Author = {Steels, Luc and Bleys, Joris},
	Booktitle = {Proceedings CAEPIA 2005, 11th conference of the Spanish association for Artififcial Intelligence},
	Editor = {Bugar{\'\i}n Diz, Alberto J. and Santos Reyes, Jos{\'e}},
	Month = {November},
	Publisher = {Springer},
	Series = {Lecture Notes in Artificial Intelligence},
	Title = {Planning What To Say: Second Order Semantics for {F}luid {C}onstruction {G}rammars},
	Year = {2005}}

@inproceedings{steels05what,
	Address = {Hatfield},
	Author = {Steels, Luc},
	Booktitle = {AISB'05: Proceedings of EELC'05},
	Pages = {143--150},
	Publisher = {AISB},
	Editor = {Cangelosi, A. and Nehaniv, C.L.},
	Title = {What Triggers the Emergence of Grammar?},
	Year = {2005}}

@inproceedings{steels06how-grammar,
	Address = {Berlin},
	Author = {Steels, Luc and Wellens, Pieter},
	Booktitle = {Symbol Grounding and Beyond. Proceedings of the Third EELC},
	Editor = {Vogt, P. and Sugita, Y. and Tuci, E. and Nehaniv, C.},
	Pages = {76--88},
	Publisher = {Springer-Verlag},
	Series = {LNAI 4211},
	Title = {How Grammar Emerges to Dampen Combinatorial Search in Parsing},
	Year = {2006}}

@inproceedings{steels06how,
	Address = {London},
	Author = {Steels, Luc},
	Booktitle = {Proceedings of the 6th International Conference on the Evolution of Language},
	Editor = {Cangelosi, Angelo and Smith, Andrew and Smith, Kenny},
	Publisher = {World Scientific Publishing},
	Title = {How to do Experiments in Artificial Language Evolution and Why},
	Year = {2006}}

@inproceedings{steels06unify,
	Address = {Berlin},
	Author = {Steels, Luc and De Beule, Joachim},
	Booktitle = {Symbol Grounding and Beyond.},
	Editor = {Vogt, P. and Sugita, Y. and Tuci, E. and Nehaniv, C.},
	Pages = {197--223},
	Publisher = {Springer},
	Series = {LNAI 4211},
	Title = {Unify and Merge in {F}luid {C}onstruction {G}rammar},
	Year = {2006}}

@inproceedings{steels07multilevel,
	Address = {Berlin},
	Author = {Steels, Luc and {van Trijp}, Remi and Wellens, Pieter},
	Booktitle = {Advances in Artificial Life (ECAL 2007)},
	Editor = {Almeida e Costa, Fernando and Rocha, Luis M. and Costa, Ernesto and Harvey, Inman},
	Publisher = {Springer},
	Pages = {421--434},
	Series = {LNAI 4648},
	Title = {Multi-Level Selection in the Emergence of Language Systematicity},
	Year = {2007}}

@incollection{steels08perspective-alignment,
	Author = {Steels, Luc and Loetzsch, Martin},
	Booktitle = {Spatial Language and Dialogue},
	Editor = {Coventry, Kenny R. and Tenbrink, Thora and Bateman, John. A},
	Publisher = {Oxford University Press},
	Title = {Perspective Alignment in Spatial Language},
	Year = {2008}}

@incollection{steels07recruitment,
	Author = {Steels, Luc},
	Booktitle = {The Emergence of Communication and Language},
	Editor = {Lyon, C. and Nehaniv, C. and Cangelosi, A.},
	Publisher = {Springer Verlag},
	Title = {The Recruitment Theory of Language Origins},
	Address = {Berlin},
	Pages = {129--151},
	Year = {2007}}

@inproceedings{steels07scaffolding,
	Address = {Honolulu, HI},
	Author = {Steels, Luc and Wellens, Pieter},
	Booktitle = {IEEE Symposium on Artificial Life 2007 (Alife'07)},
	Publisher = {Wiley -- IEEE Press},
	Pages = {325--332},
	Title = {Scaffolding Language Emergence Using the Autotelic Principle},
	Year = {2007}}
	
@article{steels08robot,
	Author = {Steels, Luc and Spranger, Michael},
	Title = {The Robot in the Mirror},
	Journal = {Connection Science},
	Year = {2008},
	Volume = {20},
	Number = {2-3},
	Pages = {337--358}}

@incollection{steels09cognition,
	Author = {Steels, Luc},
	Title = {Cognition and Social Dynamics Play a Major Role in the Formation of Grammar},
	Editor = {Bickerton, Dereck and Szathm\'ary, Eors},
	Booktitle = {Biological Foundations and Origin of Syntax},
	Series = {Str\"ungmann Forum Reports},
	Volume = {3},
	Publisher = {MIT Press},
	Address = {Cambridge MA},
	Pages = {345--368},
	Year = {2009}}

@article{steels09can,
	Author = {Steels, Luc},
	Title = {Can Evolutionary Linguistics Become a Science?},
	Year = {submitted}}

@book{steels11design,
	Editor = {Steels, Luc},
	Title = {Design Patterns in {F}luid {C}onstruction {G}rammar},
	Address = {Amsterdam},
	Publisher = {John Benjamins},
	Year = {2011}}

@book{steels11experiments,
	Editor = {Steels, Luc},
	Title = {Experiments in Cultural Language Evolution},
	Address = {Amsterdam},
	Publisher = {John Benjamins},
	Year = {2012}}

@incollection{steels11how,
	Author = {Steels, Luc and {van Trijp}, Remi},
	Title = {How to Make Construction Grammars Fluid and Robust},
	Booktitle = {Design Patterns in {F}luid {C}onstruction {G}rammar},
	Year = {2011},
	Pages = {301--330},
	Address = {Amsterdam},
	Editor = {Steels, Luc},
	Publisher = {John Benjamins}}

@article{steels94alife-roots,
	Author = {Steels, Luc},
	Journal = {Artificial Life},
	Pages = {89--125},
	Title = {The Artificial Life Roots of Artificial Intelligence},
	Volume = {1},
	Year = {1994}}

@book{steels95alife-route,
	Address = {New Haven},
	Editor = {Steels, Luc and Brooks, Rodney A.},
	Publisher = {Lawrence Erlbaum Ass},
	Title = {The `Artificial Life' Route to Artificial Intelligence: Building Embodied, Situated Agents},
	Year = {1995}}

@article{steels96selforganizing,
	Author = {Steels, Luc},
	Journal = {Artificial Life},
	Number = {3},
	Pages = {319--332},
	Title = {A Self-Organizing Spatial Vocabulary},
	Volume = {2},
	Year = {1996}}

@inproceedings{steels96emergent,
	Address = {Cambridge Ma.},
	Author = {Steels, Luc},
	Booktitle = {From Animals to Animats 4: Proceedings of the Fourth International Conference On Simulation of Adaptive Behavior},
	Editor = {Maes, Pattie and Mataric, Maja J. and Meyer, Jean-Arcady and Pollack, Jordan and Wilson, Stewart W.},
	Pages = {562--567},
	Publisher = {The MIT Press},
	Title = {Emergent Adaptive Lexicons},
	Year = {1996}}

@inproceedings{steels96perceptually,
	Author = {Steels, Luc},
	Booktitle = {Proceedings of the Second International Conference on Multi-Agent Systems},
	Editor = {Tokoro, Mario},
	Pages = {338--344},
	Publisher = {AAAI Press},
	Address = {Menlo Park},
	Title = {Perceptually Grounded Meaning Creation},
	Year = {1996}}

@inproceedings{steels97constructing,
	Address = {Prague, Czech Republic},
	Author = {Steels, Luc},
	Booktitle = {Proceedings of the European Conference on Machine Learning},
	Editor = {van Someren, Maarten W. and Widmer, Gerhard},
	Month = {April},
	Pages = {4--13},
	Publisher = {Springer},
	Title = {Constructing and Sharing Perceptual Distinctions},
	Year = {1997}}

@inproceedings{steels97grounding,
	Address = {Brighton, U.K.},
	Author = {Steels, Luc and Vogt, Paul},
	Booktitle = {Proceedings of the 4th European Conference on Artificial Life},
	Editor = {Husbands, Phil and Harvey, Inman},
	Month = {July},
	Pages = {473--484},
	Publisher = {The MIT Press},
	Title = {Grounding Adaptive Language Games in Robotic Agents},
	Year = {1997}}

@inproceedings{steels97language-learning,
	Address = {Prague, Czech Republic},
	Author = {Steels, Luc},
	Booktitle = {Workshop Notes of the ECML/MLnet Familiarization Workshop on Empirical Learning of Natural Language Processing Tasks},
	Editor = {Daelemans, Walter and van den Bosh, Antal and Weijters, Ton},
	Month = {April},
	Publisher = {ECML/MLnet},
	Title = {Language Learning and Language Contact},
	Year = {1997}}

@article{steels97origins-ontologies,
	Author = {Steels, Luc},
	Journal = {Journal of Agents and Multi-Agent Systems},
	Number = {1},
	Pages = {169--194},
	Title = {The Origins of Ontologies and Communication Conventions in Multi-Agent Systems},
	Volume = {1},
	Year = {1997}}

@inproceedings{steels97origins-syntax,
	Address = {San Francisco, CA},
	Author = {Steels, Luc},
	Booktitle = {Proceedings of the Fifteenth International Joint Conference on Artificial Intelligence},
	Editor = {Pollack, Martha E.},
	Pages = {1632--1641},
	Publisher = {Morgan Kaufmann},
	Title = {The Origins of Syntax in Visually Grounded Robotic Agents},
	Year = {1997}}

@inproceedings{steels97selforganizing,
	Author = {Steels, Luc},
	Booktitle = {Proceeding of Alife V},
	Editor = {Langton, Christopher G.},
	Title = {Self-Organizing Vocabularies},
	Year = {1997}}

@incollection{steels97synthesising,
	Address = {Edinburgh},
	Author = {Steels, Luc},
	Booktitle = {Approaches to the Evolution of Language: Social and Cognitive Bases},
	Editor = {Hurford, James R. and Studdert-Kennedy, Michael and Knight, Chris},
	Pages = {384--404},
	Publisher = {Edinburgh University Press},
	Title = {Synthesising the Origins of Language and Meaning Using Co-evolution, Self-organisation and Level Formation},
	Year = {1998}}

@article{steels97synthetic,
	Author = {Steels, Luc},
	Journal = {Evolution of Communication},
	Number = {1},
	Pages = {1--34},
	Title = {The Synthetic Modeling of Language Origins},
	Volume = {1},
	Year = {1997}}

@unpublished{steels98origin,
	Author = {Steels, Luc},
	Note = {Presented at Conference of the Evolution of Language in 1998},
	Title = {The Origin of Linguistic Categories},
	Year = {1998}}

@article{steels98origins,
	Author = {Steels, Luc},
	Journal = {Artificial Intelligence},
	Number = {1-2},
	Pages = {133--156},
	Title = {The Origins of Syntax in Visually Grounded Robotic Agents},
	Volume = {103},
	Year = {1998}}

@inproceedings{steels98spontaneous,
	Address = {San Francisco, CA},
	Author = {Steels, Luc and Kaplan, Fr{\'e}d{\'e}ric},
	Booktitle = {Proceedings {COLING}-{ACL} 1998},
	Month = {August},
	Pages = {1243--1250},
	Publisher = {Morgan Kaufmann},
	Title = {Spontaneous Lexicon Change},
	Year = {1998}}

@inproceedings{steels98stochasticity,
	Author = {Steels, Luc and Kaplan, Fr{\'e}d{\'e}ric},
	Booktitle = {Proceedings of the Sixth International Conference on Artificial Life},
	Editor = {Adami, Christoph and Belew, Richard K. and Kitano, Hiroaki and Taylor, Charles E.},
	Publisher = {MIT Press},
	Title = {Stochasticity as a Source of Innovation in Language Games},
	Year = {1998}}

@inproceedings{steels98structural,
	Address = {Cambridge Ma.},
	Author = {Steels, Luc},
	Booktitle = {From Animals to Animats 5: Proceedings of the Fifth International Conference on Simulation of Adaptive Behavior},
	Editor = {Pfeifer, Rolf and Blumberg, Bruce and Meyer, Jean-Arcady and Wilson, Stewart W.},
	Pages = {263--269},
	Publisher = {The MIT Press},
	Title = {Structural Coupling of Cognitive Memories Through Adaptive Language Games},
	Year = {1998}}

@inproceedings{steels99collective,
	Address = {Lausanne, Switzerland},
	Author = {Steels, Luc and Kaplan, Fr{\'e}d{\'e}ric},
	Booktitle = {Advances in Artificial Life. Proceedings of the Fifth European Conference, ECAL'99},
	Editor = {Floreano, Dario and Nicoud, Jean-Daniel and Mondada, Francesco},
	Month = {September},
	Pages = {679--688},
	Publisher = {Springer},
	Series = {Lecture Notes in Computer Science},
	Title = {Collective learning and semiotic dynamics},
	Volume = {1674},
	Year = {1999}}

@inproceedings{steels99how,
	Address = {Bielefeld},
	Author = {Steels, Luc},
	Booktitle = {Proceedings der 4. Fachtagung der Gesellschaft f{\"u}r Kognitionswissenschaft},
	Editor = {Wachsmuth, Ipke and Jung, Bernhard},
	Month = {September},
	Pages = {1--3},
	Title = {How Language Bootstraps Cognition},
	Year = {1999}}

@inproceedings{steels99situated,
	Address = {Stockholm, Sweden},
	Author = {Steels, Luc and Kaplan, Fr{\'e}d{\'e}ric},
	Booktitle = {Proceedings of the Sixteenth International Joint Conference on Artificial Intelligence (IJCAI'99)},
	Editor = {Dean, Thomas},
	Month = {August},
	Pages = {862--867},
	Publisher = {Morgan Kaufmann},
	Title = {Situated Grounded Word Semantics},
	Year = {1999}}

@article{steels99spatially,
	Author = {Steels, Luc and McIntyre, Angus},
	Journal = {Advances in Complex Systems},
	Number = {4},
	Pages = {301--323},
	Title = {Spatially Distributed Naming Games},
	Volume = {1},
	Year = {1999}}

@incollection{steels99spontaneous,
	Address = {Oxford},
	Author = {Steels, Luc},
	Booktitle = {Machine Intelligence 15},
	Editor = {Muggleton, Stephen},
	Pages = {205--224},
	Publisher = {Oxford University Press},
	Title = {The Spontaneous Self-organization of an Adaptive Language},
	Year = {1999}}

@book{steels99talking-heads,
	Author = {Steels, Luc},
	Note = {Special pre-edition for LABORATORIUM, Antwerpen},
	Publisher = {VUB Artificial Intelligence Laboratory},
	Address = {Brussels},
	Title = {The Talking Heads Experiment. Volume 1. Words and Meanings},
	Year = {1999}}

@article{stefanowitsch03collostructions,
	Author = {Stefanowitsch, Anatol and Gries, Stefan Th.},
	Journal = {International Journal of Corpus Linguistics},
	Number = {8},
	Pages = {209--243},
	Title = {Collostructions: Investigating the Interaction of Words and Constructions},
	Volume = {2},
	Year = {2003}}

@article{stromswold01heritability,
	Author = {Stromswold, Karin},
	Journal = {Language},
	Number = {4},
	Pages = {647--723},
	Title = {The Heritability of Language: A Review and Metaanalysis of Twin, Adoption, and Linkage Studies},
	Volume = {77},
	Year = {2001}}

@book{sutton98reinforcement,
	Address = {Cambridge, MA},
	Author = {Sutton, Richard S. and Barto, Andrew G.},
	Publisher = {MIT Press},
	Title = {Reinforcement Learning: An Introduction},
	Year = {1998}}

@incollection{szathmary01origin,
	Address = {Berlin},
	Author = {Szathm{\'a}ry, E{\"o}rs},
	Booktitle = {New Essays on the Origins of Language},
	Editor = {Trabant, J{\"u}rgen and Ward, Sean},
	Pages = {41--55},
	Publisher = {Mouton de Gruyter},
	Series = {Trends in Linguistics},
	Title = {Origin of the Human Language Faculty: The Language Amoeba Hypothesis},
	Year = {1991}}

@book{tajima85syntactic,
	Address = {Tokyo},
	Author = {Tajima, M.},
	Publisher = {Nan'un-do},
	Title = {The Syntactic Development of the Gerund in Middle {E}nglish},
	Year = {1985}}

@book{tallerman05language,
	Address = {Oxford},
	Editor = {Tallerman, Maggie},
	Publisher = {Oxford University Press},
	Title = {Language Origins: Perspectives on Evolution},
	Year = {2005}}

@article{tallerman06did,
	Author = {Tallerman, Maggie},
	Journal = {Lingua},
	Title = {Did Our Ancestors Speak a Holistic Protolanguage?},
	Year = {2006}}

@book{talmy00toward1,
	Address = {Cambridge, Mass},
	Author = {Talmy, Leonard},
	Publisher = {MIT Press},
	Title = {Toward a Cognitive Semantics, Concept Structuring Systems},
	Volume = {1},
	Year = {2000}}

@book{talmy00toward2,
	Address = {Cambridge, Mass},
	Author = {Talmy, Leonard},
	Publisher = {MIT Press},
	Title = {Toward a Cognitive Semantics, Typology and Process in Concept Structuring},
	Volume = {1},
	Year = {2000}}

@incollection{talmy06fundamental,
	Address = {Berlin},
	Author = {Talmy, Leonard},
	Booktitle = {From Perception to Meaning: Image Schemas in Cognitive Linguistics},
	Editor = {Hampe, Beate},
	Pages = {37--47},
	Publisher = {Mouton De Gruyter},
	Series = {Cognitive Linguistics Research},
	Title = {The Fundamental System of Spatial Schemas in Language},
	Year = {2006}}

@book{tattersall98origin,
	Address = {New York},
	Author = {Tattersall, Ian},
	Publisher = {American Museum of Natural History},
	Title = {The Origin of the Human Capacity},
	Year = {1998}}

@book{thelen94dynamic,
	Address = {Cambridge, MA},
	Author = {Thelen, Esther and Smith, Linda},
	Publisher = {MIT Press},
	Title = {A Dynamic Systems Approach to the Development of Cognition and Action},
	Year = {1994}}

@incollection{timberlake77reanalysis,
	Address = {Austin},
	Author = {Timberlake, Alan},
	Booktitle = {Mechanisms of Syntactic Change},
	Editor = {Li, C.N.},
	Pages = {141--177},
	Publisher = {University of Texas Press},
	Title = {Reanalysis and Actualization in Syntactic Change},
	Year = {1977}}

@book{tomasello03constructing,
	Author = {Tomasello, Michael},
	Publisher = {Harvard University Press},
	Title = {Constructing a Language. A Usage Based Theory of Language Acquisition},
	Year = {2003}}

@book{tomasello03new,
	Address = {Mahwah, New Jersey},
	Editor = {Tomasello, Michael},
	Publisher = {Lawrence Erlbaum},
	Title = {The New Psychology of Language},
	Volume = {2},
	Year = {2003}}

@article{tomasello05beyond,
	Author = {Tomasello, Michael},
	Journal = {The Linguistic Review},
	Pages = {183--197},
	Title = {Beyond Formalities: The Case of Language Acquisition},
	Volume = {22},
	Year = {2005}}

@incollection{tomasello95jointattention,
	Address = {Hillsdale, NJ},
	Author = {Tomasello, Michael},
	Booktitle = {Joint Attention: Its Origins and Role in Development},
	Editor = {Moore, Chris and Dunham, Philip J.},
	Publisher = {Lawrence Erlbaum Associates},
	Title = {Joint Attention as Social Cognition},
	Year = {1995}}

@book{tomasello99cultural,
	Address = {Harvard},
	Author = {Tomasello, Michael},
	Publisher = {Harvard University Press},
	Title = {The Cultural Origins of Human Cognition},
	Year = {1999}}

@book{tomlin86basic,
	Address = {London},
	Author = {Tomlin, Russel S.},
	Publisher = {Croom Helm},
	Title = {Basic Word Order: Functional Principles},
	Year = {1986}}

@incollection{tonkes02methodological,
	Author = {Tonkes, Bradley and Wiles, Janet},
	Year = {2002},
	Title = {Methodological Issues in Simulating the Emergence of Language},
	Editor = {Wray, Alison},
	Booktitle = {The Transition to Language},
	Publisher = {Oxford University Press},
	Address = {Oxford}}

@book{trabant01newessays,
	Address = {Berlin},
	Editor = {Trabant, J{\"u}rgen and Ward, Sean},
	Publisher = {Mouton de Gruyter},
	Series = {Trends in Linguistics},
	Title = {New Essays on the Origins of Language},
	Year = {1991}}

@book{traugott91approaches1,
	Address = {Amsterdam},
	Editor = {Traugott, Elizabeth Closs and Heine, Bernd},
	Publisher = {John Benjamins},
	Series = {Typological Studies in Language 19},
	Title = {Approaches to Grammaticalization},
	Volume = {1},
	Year = {1991}}

@book{traugott91approaches2,
	Address = {Amsterdam},
	Editor = {Traugott, Elizabeth Closs and Heine, Bernd},
	Publisher = {John Benjamins},
	Series = {Typological Studies in Language 19},
	Title = {Approaches to Grammaticalization},
	Volume = {2},
	Year = {1991}}

@incollection{traugott92syntax,
	Author = {Traugott, Elizabeth Closs},
	Title = {Syntax},
	Pages = {168--289},
	Editor = {Hogg, Richard M.},
	Booktitle = {The Cambridge History of the {E}nglish Language. The Beginnings to 1066},
	Volume = {1},
	Year = {1992},
	Address = {Cambridge},
	Publisher = {Cambridge University Press}}

@inproceedings{treister-goren01creating,
	Author = {Treister-Goren, Anat and Hutchens, Jason L.},
	Booktitle = {Proceedings of the First International Workshop on Epigenetic Robotics: Modeling Cognitive Development in Robotic Systems},
	Editor = {Balkenius et al, Christian},
	Series = {Lund University Cognitive Studies},
	Title = {Creating AI: A Unique Interplay Between the Development of Learning Algorithms and their Education},
	Volume = {85},
	Year = {2001}}

@article{tremblay11processing,
	Author = {Tremblay, A. and Derwing, B. and Libben, G. and Westbury, C.},
	Title = {Processing Advantages of Lexical Bundles: Evidence from Self-Paced Reading and Sentence Recall Tasks},
	Journal = {Language Learning},
	Volume = {61},
	Number = {2},
	Pages = {569--613},
	Year = {2011}}

@incollection{Trevarthen:1993,
	Author = {Trevarthen, C.},
	Year = {1993},
	Title = {The Self Born},
	Booktitle = {Intersubjectivity: The Psychology of an Infant Communicating. The Perceived Self},
	Editor = {Neisser, U.},
	Publisher = {Cambridge University Press},
	Address = {Cambridge},
	Pages = {121--173}}

@article{turing50computing,
	Author = {Turing, Alan},
	Journal = {Mind},
	Pages = {433--460},
	Title = {Computing Machinery and Intelligence},
	Volume = {59},
	Year = {1950}}

@incollection{valenzuela11variation,
	Author = {Valenzuela, Javier and {van Trijp}, Remi and Garachana, Mar and Hilferty, Joe},
	Title = {Variation in Grammar and {F}luid {C}onstruction {G}rammar: A Case Study of the {S}panish Clitic System},
	Year = {to appear}}

@book{vanbelle96dative,
	Address = {Amsterdam},
	Editor = {Van Belle, William and Van Langendonck, Willy},
	Publisher = {John Benjamins},
	Series = {Case and Grammatical Relations Across Languages},
	Title = {The Dative. Volume 1: Descriptive Studies},
	Year = {1996}}

@book{vancoetsem90ablaut,
	Address = {Heidelberg},
	Author = {Van Coetsem, Frans},
	Publisher = {Carl Winter},
	Series = {Untersuchungen zur vergleichende Grammatik der germanischen Sprachen 3},
	Title = {Ablaut and Reduplication in the Germanic Verb},
	Year = {1990}}

@article{vandenbosch08fambl,
	Author = {{v}an {d}en Bosch, Antal},
	Title = {Careful Abstraction Over Instance Families in Memory-Based Language Learning},
	Editor = {Daelemans, Walter (guest ed.)},
	Journal = {Journal of Experimental and Theoretical Artificial Intelligence. Special Issue on Memory-Based Language Processing},
	Year = {to appear}}

@inproceedings{vandenbosch99fambl,
	Author = {{v}an {d}en Bosch, Antal},
	Title = {Instance-Family Abstraction in Memory-Based Language Learning},
	Editor = {Bratko, I. and Dzeroski, S.},
	Booktitle = {Machine Learning: Proceedings of the Sixteenth International Conference (ICML`99)}, 	Year = {1999},
	Pages = {39--48}}

@inproceedings{vandenbroeck07constraint,
	Author = {Van {den} Broeck, Wouter},
	Title = {A Constraint-Based Model of Grounded Compositional Semantics},
	Booktitle = {Language and Robots: Proceedings of the Symposium},
	Editor = {Lopes, L.S. and Belpaeme, T. and Cowley, S. J.},
	Address = {Aveiro},
	Publisher = {Universidade de Aveiro},
	Year = {2007}}

@inproceedings{vandenbroeck08constraint,
	Author = {Van {den} Broeck, Wouter},
	Title = {Constraint-Based Compositional Semantics},
	Booktitle = {The Evolution of Language. Proceedings of the 7th International Conference (EVOLANG 7)},
	Editor = {Smith, Andrew D.M. and Smith, Kenny and Ferrer i Cancho, Ramon},
	Address = {Singapore},
	Publisher = {World Scientific Press},
	Pages = {338--345},
	Year = {2008}}

@incollection{vanderauwera04oostvlaams,
	Address = {Gent},
	Author = {Van der Auwera, J. and Neuckermans, A.},
	Booktitle = {Dialectsyntaxis in Bloei},
	Editor = {Barbiers, S. and Devos, M. and De Schutter, G.},
	Pages = {143--157},
	Publisher = {Koninklijke Academie voor Taal- en Letterkunde},
	Title = {Een Oost-Vlaamse Driedubbele Negatie},
	Year = {2004}}

@inproceedings{vaneynde05argument,
	Title = {Argument Realization in Dutch},
	Author = {Van Eynde, Frank},
	Booktitle = {Computational Linguistics in the Netherlands 2004. Selected Papers from the 15th CLIN Meeting},
	Series = {LOT Occasional Series},
	Volume = {4},
	Editor = {Van der Wouden, Ton and Poss, Michaela and Reckman, Hilke and Cremers, Crit},
	Address = {Utrecht},
	Year = {2005},
	Pages = {89--104}}

@incollection{vanhoecke96latin,
	Author = {Van Hoecke, Willy},
	Title = {The {L}atin Dative},
	Pages = {3--37},
	Address = {Amsterdam},
	Editor = {Van Langendonck, W. and Van Belle, W.},
	Publisher = {John Benjamins},
	Booktitle = {The Dative. Volume 1. Descriptive Studies.},
	Year = {1996}}

@phdthesis{vanlooveren05design,
	Author = {Van Looveren, Joris},
	Title = {Design and Performance of Pre-Grammatical Language Games},
	School = {Vrije Universiteit Brussel},
	Year = {2005},
	Address = {Brussels}}
	
@book{vanlangendonck96dative,
	Address = {Amsterdam},
	Editor = {Van Langendonck, W. and Van Belle, W.},
	Publisher = {John Benjamins},
	Title = {The Dative. Volume 1. Descriptive Studies. Volume 2. Theoretical and Contrastive Studies},
	Year = {1996}}

@incollection{vantrijp08argumentsstruktur,
	Author = {{van Trijp}, Remi},
	Title = {Argumentsstruktur in der {F}luid {C}onstruction {G}rammar},
	Editor = {Fischer, Kerstin and Stefanowitsch, Anatol},
	Booktitle = {Konstruktionsgrammatik II: Von der Konstruktion zur Grammatik},
	Series = {Stauffenburg Linguistik},
	Volume = {47},
	Address = {T\"{u}bingen},
	Publisher = {Stauffenburg Verlag},
	Year = {2008}}

@inproceedings{vantrijp08emergence,
	Author = {{van Trijp}, Remi},
	Title = {The Emergence of Semantic Roles in {F}luid {C}onstruction {G}rammar},
	Booktitle = {The Evolution of Language. Proceedings of the 7th International Conference (EVOLANG 7)},
	Editor = {Smith, Andrew D.M. and Smith, Kenny and Ferrer i Cancho, Ramon},
	Address = {Singapore},
	Publisher = {World Scientific Press},
	Pages = {346--353},
	Year = {2008}}

@phdthesis{vantrijp08analogy,
	Author = {{van Trijp}, Remi},
	School = {Universiteit Antwerpen},
	Title = {Analogy and Multi-Level Selection in the Formation of a Case Grammar. A Case Study in Fluid Construction Grammar},
	Year = {2008}}

@article {vantrijp10grammaticalization,
	title = {Grammaticalization and Semantic Maps: Evidence from Artificial Language Evolution},
	journal = {Linguistic Discovery},
	volume = {8},
	number = {1},
	year = {2010},
	pages = {310--326},
	author = {{van Trijp}, Remi}
}

@INPROCEEDINGS { vantrijp:11a,
ADDRESS="Ghent",
AUTHOR={{van Trijp}, Remi},
BOOKTITLE="Proceedings of the 23rd Benelux Conference on Artificial Intelligence (BNAIC 2011)",
EDITOR="De Causmaecker, P. and Maervoet, J. and Messelis, T. and Verbeeck, K. and Vermeulen, T.",
PAGES="288--295",
PUBLISHER="KAHO Sint-Lieven",
TITLE="Can Iterated Learning Explain the Emergence of Case Marking in Language?",
YEAR="2011",
}

@ARTICLE { vantrijp:12f,
AUTHOR={{van Trijp}, Remi and Steels, Luc},
JOURNAL="Advances in Complex Systems",
NUMBER="3--4",
TITLE="Multilevel Alignment Maintains Language Systematicity",
VOLUME="15",
YEAR="2012",
}

@INPROCEEDINGS { vantrijp10spanish,
ADDRESS="Singapore",
AUTHOR={{van Trijp}, Remi},
BOOKTITLE="The Evolution of Language (EVOLANG 8)",
EDITOR="Smith, A.D.M. and Schouwstra, M. and de Boer, B. and Smith, K.",
PAGES="336--343",
PUBLISHER="World Scientific",
TITLE="Strategy Competition in the Evolution of Pronouns: A Case-Study of Spanish Le\'{i}smo, La\'{i}smo and Lo\'{i}smo",
YEAR="2010",
}

@ARTICLE { vantrijp13comparison,
AUTHOR={{van Trijp}, Remi},
JOURNAL="Constructions and Frames",
PAGES="88--116",
TITLE="A Comparison Between {Fluid Construction Grammar} and {Sign-Based Construction Grammar}",
VOLUME="5",
YEAR="2013",
}

@INPROCEEDINGS { vantrijp:12e,
ADDRESS="Amsterdam",
AUTHOR={{van Trijp}, Remi},
BOOKTITLE="ECAI2012: The 20th European Conference on Artificial Intelligence",
EDITOR="De Raedt, L. and Bessiere, C. and Dubois, D. and Doherty, P. and Frasconi, P. and Heintz, F. and Lucas, P.",
PAGES="798--803",
PUBLISHER="IOS Press",
SERIES="Frontiers in Artificial Intelligence and Applications",
TITLE="Self-Assessing Agents for Explaining Language Change: A Case Study in {German}",
VOLUME="242",
YEAR="2012",
}

@INPROCEEDINGS { vantrijp:12c,
ADDRESS="Avignon",
AUTHOR={{van Trijp}, Remi},
BOOKTITLE="Proceedings of the 13th Conference of the European Chapter of the Association for Computational Linguistics",
PAGES="829--839",
PUBLISHER="ACL",
TITLE="Not as Awful as it Seems: Explaining {German} Case through Computational Experiments in {Fluid Construction Grammar}",
YEAR="2012",
}

@ARTICLE { vantrijp2013ldc,
AUTHOR={{van Trijp}, Remi},
JOURNAL="Language Dynamics and Change",
PAGES="105--132",
TITLE="Linguistic Assessment Criteria for Explaining Language Change: A Case Study on Syncretism in {German} Definite Articles",
VOLUME="3",
YEAR="2013",
}

@inproceedings{vantrijp14fitness,
	Author = {{van Trijp}, Remi},
	Title = {Fitness Landscapes in Cultural Language Evolution: A Case Study on {German} Definite Articles},
	Booktitle = {The Evolution of Language (Evolang-X)},
	Address = {Singapore},
	Publisher = {World Scientific},
	Year = {2014}}

@INPROCEEDINGS { vantrijp12b,
ADDRESS="Singapore",
AUTHOR={{van Trijp}, Remi},
BOOKTITLE="The Evolution of Language (EVOLANG 9)",
EDITOR="Scott-Phillips, T.C. and Tamariz, M. and Cartmill, E.A. and Hurford, J.R.",
PAGES="360--368",
PUBLISHER="World Scientific",
TITLE="The Emergence of Morphosyntactic Case Systems",
YEAR="2012",
}

@incollection{vantrijp12case,
	Author = {{van Trijp}, Remi},
	Year = {2012},
	Title = {The Evolution of Case Systems for Marking Event Structure},
	Editor = {Steels, Luc},
	Booktitle = {Experiments in Cultural Language Evolution},
	Address = {Amsterdam},
	Publisher = {John Benjamins}}

@article{vantrijp09dfm,
	Author = {{van Trijp}, Remi},
	Title = {Distinctive Feature Matrices in {F}luid {C}onstruction {G}rammar},
	Year = {under review}}

@article{vantrijp09grammaticalization,
	Author = {{van Trijp}, Remi},
	Title = {Grammaticalization and Semantic Maps: Evidence From Artificial Language Evolution},
	Journal = {Linguistic Discovery},
	Year = {in press}}

@incollection{vantrijp10argument,
	Author = {{van Trijp}, Remi},
	Title = {Argument Realization in {F}luid {C}onstruction {G}rammr},
	Booktitle = {Computational Approaches to Construction Grammar and Frame Semantics},
	Editor = {Boas, Hans C.},
	Address = {Amsterdam},
	Publisher = {John Benjamins},
	Year = {2010}}
	
@inproceedings{vantrijp10strategy,
	Author = {{van Trijp}, Remi},
	Title = {Strategy Competition in the Evolution of Pronouns: A Case-Study of {S}panish Le\'{i}smo, La\'{i}smo and Lo\'{i}smo},
	BOOKTITLE = {The Evolution of Language (EVOLANG 8)},
	EDITOR = {Smith, A.D.M. and Schouwstra, M. and de Boer, B. and Smith, K.},
	PAGES={336--343},
	PUBLISHER={World Scientific},
	Address = {Singapore},
	Year = {2010}}

@article{vantrijp14,
	Author = {{van Trijp}, Remi},
	Title = {Long-Distance Dependencies Without Filler-Gaps: A Cognitive-Functional Alternative in {Fluid Construction Grammar}},
	Journal = {Language and Cognition},
	doi = {10.1017/langcog.2014.8},
	Year = {2014}}

@incollection{vantrijp11feature,
	Author = {{van Trijp}, Remi},
	Title = {Feature Matrices and Agreement: A Case Study for {German} Case},
	Booktitle = {Design Patterns in {F}luid {C}onstruction {G}rammar},
	Year = {2011},
	Pages = {205--235},
	Publisher = {John Benjamins},
	Address = {Amsterdam},
	Editor = {Steels, Luc}}

@incollection{vantrijp11design,
	Author = {{van Trijp}, Remi},
	Title = {A Design Pattern for Argument Structure Constructions},
	Pages = {115--145},
	Booktitle = {Design Patterns in {F}luid {C}onstruction {G}rammar},
	Year = {2011},
	Publisher = {John Benjamins},
	Address = {Amsterdam},
	Editor = {Steels, Luc}}

@incollection{vanvalinn04semantic,
	Address = {T{\"u}bingen},
	Author = {Van Valin, Robert D.},
	Booktitle = {Semantische Rollen},
	Editor = {Kailuweit, Rolf and Hummel, Martin},
	Pages = {62--82},
	Publisher = {Narr},
	Title = {Semantic Macroroles in {R}ole and {R}eference Grammar},
	Year = {2004}}

@incollection{vanvalinn99generalized,
	Address = {The Hague},
	Author = {Van Valin, Robert D.},
	Booktitle = {Empirical Issues in Formal Syntax and Semantics 2},
	Editor = {Corblin, F. and Dobrovie-Slobin, C. and Marandin, J.-M.},
	Pages = {373--389},
	Publisher = {Thesus},
	Title = {Generalized Semantic Roles and the Syntax-Semantics Interface},
	Year = {1999}}

@incollection{verhagen06syntax,
	Author = {Verhagen, Arie},
	Title = {Syntax, Recursion, Productivity -- A Usage-Based Perspective on the Evolution of Grammar},
	Booktitle = {Evidence and Counter-Evidence. Festschrift F. Kortlandt},
	Editor = {Lubotsky, A. and Schaeken, J. and Wiedenhof, J.},
	Volume = {1},
	Series = {SSGL 32},
	Publisher = {Rodopi},
	Address = {Amsterdam},
	Year = {2006}}

@book{verschueren99understanding,
	Address = {London},
	Author = {Verschueren, Jef},
	Publisher = {Arnold Publishers},
	Series = {Understanding Language Series},
	Title = {Understanding Pragmatics},
	Year = {1999}}

@article{vogt00bootstrapping,
	Author = {Vogt, Paul},
	Journal = {Evolution of Communication},
	Number = {1},
	Pages = {87--116},
	Title = {Bootstrapping Grounded Symbols by Minimal Autonomous Robots},
	Volume = {4},
	Year = {2001}}

@phdthesis{vogt00lexicon,
	Author = {Vogt, Paul},
	School = {Vrije Universiteit Brussel},
	Title = {Lexicon Grounding on Mobile Robots},
	Year = {2000}}

@inproceedings{vogt03iterated,
	Author = {Vogt, Paul},
	Title = {Iterated Learning and Grounding: From Holistic to Compositional Languages},
	Editor = {Kirby, Simon},
	Booktitle = {Language Evolution and Computation. Proceedings of the Workshop at ESSLLI},
	Year = {2003}}

@article{vogt03anchoring,
	Author = {Vogt, Paul},
	Journal = {Robotics and Autonomous Systems},
	Number = {2-3},
	Pages = {109--120},
	Title = {Anchoring of Semiotic Symbols},
	Volume = {43},
	Year = {2003}}

@article{vogt05acquisition,
	Author = {Vogt, Paul},
	Journal = {Adaptive Behavior},
	Title = {On the Acquisition and Evolution of Compositional Languages: Sparse Input and the Productive Creativity of Children},
	Volume = {13},
	Number = {4},
	Year = {2005},
	Pages = {325--346}}

@inproceedings{vogt07group,
	Address = {Berlin},
	Author = {Vogt, Paul},
	Booktitle = {Advances in Artificial Life (ECAL 2007)},
	Editor = {Almeida e Costa, Fernando and Rocha, Luis M. and Costa, Ernesto and Harvey, Inman},
	Publisher = {Springer},
	Series = {LNAI 4648},
	Pages = {403--414},
	Title = {Group Size Effects on the Emergence of Compositional Structures in Language},
	Year = {2007}}

@article{wagner03progress,
	Author = {Wagner, Kyle and Reggia, James A. and Uriagereka, Juan and Wilkinson, Gerald S.},
	Journal = {Adaptive Behavior},
	Number = {1},
	Pages = {37},
	Title = {Progress in the Simulation of Emergent Communication and Language},
	Volume = {11},
	Year = {2003}}

@book{wals05,
	Address = {Oxford},
	Editor = {Haspelmath, Martin and Dryer, Matthew S. and Gil, David and Comrie, Bernard},
	Publisher = {Oxford University Press},
	Title = {The World Atlas of Language Structures},
	Year = {2005}}

@incollection{weinreich68empirical,
	Address = {Austin},
	Author = {Weinreich, U. and Labov, W. and Herzog, M.I.},
	Booktitle = {Directions for Historical Linguistics: A Symposium},
	Editor = {Lehman, W.P. and Malkiel, Y.},
	Pages = {97--195},
	Publisher = {University of Texas},
	Title = {Empirical Foundations for a Theory of Language Change},
	Year = {1968}}

@incollection{weinreich69problems,
	Author = {Weinreich, U.},
	Title = {Problems in the Analysis of Idioms},
	Booktitle = {Substance and Structure of Language},
	Editor = {Puhvel, Jaan},
	Year = {1969},
	Address = {Berkeley, CA},
	Pages = {23--81},
	Publisher = {University of California Press}}

@inproceedings{werner92evolution,
	Author = {Werner, Gregory M. and Dyer, Michael G.},
	Booktitle = {Artificial Life II (SFI Studies in the Sciences of Complexity)},
	Editor = {Langton, Christopher G. and Taylor, Charles and Farmer, J. Doyne and Rasmussen, Steen},
	Pages = {659--687},
	Publisher = {Addison Wesley Longman},
	Title = {Evolution of Communication in Artificial Organisms},
	Year = {1992}}

@book{werner97ket,
	Address = {Wiesbaden},
	Author = {Werner, Heinrich},
	Publisher = {Harrasowitz Verlag},
	Series = {Tunguso Sibirica Band 3},
	Title = {Die Ketische Sprache},
	Year = {1997}}

@inproceedings{wilson91animat,
	Author = {Wilson, Stewart W.},
	Booktitle = {From Animals to Animats, Proceedings of the First International Conference on the Simulation of Adaptive Behavior},
	Editor = {Meyer, Jean-Arcady and Wilson, Stewart W.},
	Pages = {15--21},
	Publisher = {MIT Press},
	Title = {The Animat Path to {AI}},
	Year = {1991}}
	
@article{wilson94group,
	Author = {Wilson, D.S. and Sober, E.},
	Title = {Reintroducing Group Selection to the Human Behavioral Sciences},
	Journal = {Behavioral and Brain Sciences},
	Volume = {17},
	Number = {4},
	Pages = {585--654},
	Year = {1994}}

@book{wittgenstein67philosophische,
	Address = {Frankfurt},
	Author = {Wittgenstein, Ludwig},
	Publisher = {Suhrkamp},
	Title = {Philophische Untersuchungen},
	Year = {1967}}

@book{wolff93hausa,
	Address = {Hamburg},
	Author = {Wolff, Ekkehard H.},
	Publisher = {LIT},
	Title = {Referenzgrammatik des Hausa: Zur Begleitung des Fremdsprachenunterrichts und zur Einf{\"u}hrung in das Selbststudium},
	Year = {1993}}

@inproceedings{wellens08coping,
	Author = {Wellens, Pieter},
	Title = {Coping with Combinatorial Uncertainty in Word Learning: A Flexible Usage-Based Model},
	Booktitle = {The Evolution of Language. Proceedings of the 7th International Conference (EVOLANG 7)},
	Editor = {Smith, Andrew D.M. and Smith, Kenny and Ferrer i Cancho, Ramon},
	Address = {Singapore},
	Publisher = {World Scientific Press},
	Pages = {370--377},
	Year = {2008}}

@article{wellens08flexible,
	Author = {Wellens, Pieter and Loetzsch, Martin and Steels, Luc},
	Title = {Flexible Word Meaning in Embodied Agents},
	Journal = {Connection Science},
	Volume = {20},
	Number = {2},
	Pages = {173--191},
	Year = {2008}}
	
@article{wooldridge95intelligent,
	Author = {Wooldridge, Michael and Jennings, Nick R.},
	Journal = {Knowledge Engineering Review},
	Month = {June},
	Number = {2},
	Pages = {115--152},
	Title = {Intelligent Agents: Theory and Practice},
	Volume = {10},
	Year = {1995}}

@article{wray98protolanguage,
	Author = {Wray, Alison},
	Journal = {Language \& Communication},
	Pages = {47--67},
	Title = {Protolanguage as a Holistic System for Social Interaction},
	Volume = {18},
	Year = {1998}}

@book{wray02transition,
	Address = {Oxford, UK},
	Editor = {Wray, Alison},
	Publisher = {Oxford University Press},
	Title = {The Transition to Language},
	Year = {2002}}

@article{yang02detecting,
	Author = {Yang, Ming-Hsuan and Kriegman, David J. and Ahuja, Narendra},
	Journal = {IEEE Transactions on Pattern Analysis and Machine Intelligence},
	Number = {1},
	Pages = {34--58},
	Title = {Detecting Faces in Images: A Survey},
	Volume = {24},
	Year = {2002}}

@article{zacks04functional,
	Author = {Zacks, Jeffrey M. and Michelon, Pascale and Vettel, Jean M. and Ojemann, Jeffrey G.},
	Journal = {Neurology},
	Pages = {287--292},
	Title = {Functional Reorganization of Spatial Transformations after a Parietal Lesion},
	Volume = {63},
	Year = {2004}}

@article{zacks99imagined,
	Author = {Zacks, Jeff and Rypma, Bart and Gabrieli, J.D.E. and Tversky, Barbara and Glover, Gary H.},
	Journal = {Neuropsychologia},
	Month = {August},
	Number = {9},
	Pages = {1029--40},
	Title = {Imagined Transformations of Bodies: An f{MRI} Investigation},
	Volume = {37},
	Year = {1999}}

@book{zewen87marquesan,
	Address = {Hamburg},
	Author = {Zewen, Fran{\c c}ois},
	Publisher = {University of Hamburg},
	Title = {Introduction {\`a} la Langue des {\^I}les Marquises. Le Parler de Nukuhiva.},
	Year = {1987}}

@inproceedings{ziemke01robots,
	Author = {Ziemke, Tom},
	Booktitle = {Proceedings of the First International Workshop on Epigenetic Robotics: Modeling Cognitive Development in Robotic Systems},
	Editor = {Balkenius et al, Christian},
	Series = {Lund University Cognitive Studies},
	Title = {Are Robots Embodied?},
	Volume = {85},
	Year = {2001}}

@incollection{ziemke99rethinking,
	Address = {New York},
	Author = {Ziemke, Tom},
	Booktitle = {Understanding Representation in the Cognitive Sciences -- Does Representation Need Reality?},
	Editor = {Riegler, Alenxander and Peschl, Markus and Stein, Astrid von},
	Pages = {177--190},
	Publisher = {Plenum Press},
	Title = {Rethinking Grounding},
	Year = {1999}}

@inproceedings{zlatev01hierarchy,
	Author = {Zlatev, Jordan},
	Booktitle = {Proceedings of the First International Workshop on Epigenetic Robotics: Modeling Cognitive Development in Robotic Systems},
	Editor = {Balkenius et al, Christian},
	Series = {Lund University Cognitive Studies},
	Title = {A Hierarchy of Meaning Systems based on Value},
	Volume = {85},
	Year = {2001}}

@inproceedings{zlatev01introduction,
	Author = {Zlatev, Jordan and Balkenius, Christian},
	Booktitle = {Proceedings of the First International Workshop on Epigenetic Robotics: Modeling Cognitive Development in Robotic Systems},
	Editor = {Balkenius et al, Christian},
	Pages = {1--4},
	Series = {Lund University Cognitive Studies},
	Title = {Introduction: Why "epigenetic robotics"?},
	Volume = {85},
	Year = {2001}}
	
@incollection{maes88issues,
	Author = {Maes, Pattie},
	Title = {Issues in Computational Reflection},
	Editor = {Maes, Pattie and Nardi, Daniele},
	Booktitle = {Meta-Level Architectures and Reflection},
	Publisher = {Elsevier},
	Year = {1988},
	Pages = {21--35},
	Address = {Amsterdam}}
	
@incollection{rosenbloom88metalevels,
	Author = {Rosenbloom, Paul and Laird, John and Newell, Allen},
	Title = {Meta-Levels in {SOAR}},
	Editor = {Maes, Pattie and Nardi, Daniele},
	Booktitle = {Meta-Level Architectures and Reflection},
	Publisher = {Elsevier},
	Pages = {227--240},
	Year = {1988},
	Address = {Amsterdam}}
	
@book{maes88metalevel,
	Editor = {Maes, Pattie and Nardi, Daniele},
	Title = {Meta-Level Architectures and Reflection},
	Publisher = {Elsevier},
	Year = {1988},
	Address = {Amsterdam}}

@book{malchukov09case,
	Address = {Oxford},
	Editor = {Malchukov, Andrej and Spencer, Andrew},
	Publisher = {Oxford University Press},
	Title = {The {O}xford Handbook of Case},
	Year = {2009}}

@book{amberber05competition,
	Address = {Oxford},
	Editor = {Amberber, Mengistu and {d}e Hoop, Helen},
	Publisher = {Oxford University Press},
	Title = {Competition and Variation in Natural Languages: The Case for Case},
	Year = {2005}}

@book{barddal09casebook,
	Address = {Amsterdam},
	Editor = {Bar{\dh}dal, Johanna and Chelliah, Shobhana},
	Publisher = {John Benjamins},
	Title = {The Role of Semantic, Pragmatic and Discourse Factors in the Development of Case},
	Year = {2009}}

@book{kulikov06casebook,
	Address = {Amsterdam},
	Booktitle = {Case, Valency and Transitivity},
	Editor = {Kulikov, Leonid and Malchukov, Andrej and {de Swart}, Peter},
	Pages = {23--47},
	Publisher = {John Benjamins},
	Title = {Case Systems in a Diachronic Perspective: A Typological Sketch},
	Year = {2006}}
